4506 5662
1049 625 1120 662 -.
1163 612 1199 665 tt
1260 627 1310 666 -τ

586 775 644 848 De
682 775 791 871 ipsius
828 771 944 869 operis
981 774 1049 843 mei
1088 774 1221 846 ratione
1263 771 1393 858 haecce
1433 777 1690 871 praemonuisse
1728 776 1897 852 sufficiat:

473 879 722 971 Quaestionem
754 872 965 972 propositam
997 895 1116 970 presse
1148 885 1289 947 secutus
1324 900 1368 960 ex
1400 885 1473 949 totu
1505 877 1668 968 mamma,
1713 877 1901 977 eademque
1954 889 1958 894 '

472 982 555 1052 satis
582 1001 729 1076 magna,
767 999 809 1048 ea
832 983 989 1066 tantum,
1028 997 1118 1072 quae
1144 973 1189 1045 ad
1215 976 1450 1070 quaestionem
1481 975 1682 1050 soluendam
1709 982 1902 1052 necessaria

471 1091 608 1169 essent,
648 1073 765 1170 edidi,
810 1071 898 1149 nihil
929 1099 1015 1172 ergo
1047 1071 1091 1147 de
1122 1073 1260 1148 indiciis
1293 1077 1527 1173 imposturae,
1571 1077 1659 1150 nihil
1692 1077 1736 1152 de
1769 1079 1902 1152 frondis

471 1183 627 1255 detectae
657 1176 825 1269 historia,
862 1199 929 1248 neo
958 1175 1002 1248 de
1034 1177 1283 1274 propagatione
1317 1175 1540 1251 decretalium
1570 1177 1683 1276 deque
1712 1181 1776 1274 iis,
1813 1203 1902 1280 quae

471 1307 534 1380 per
559 1305 618 1354 cas
644 1279 767 1352 ell‘ecta
791 1286 893 1368 sunt,
928 1275 1053 1374 adjeci.
1107 1273 1161 1350 At
1183 1301 1291 1374 Qum
1316 1273 1698 1376 nequedesontibns,
1729 1280 1904 1380 equibus
1975 1317 1981 1328 ·
2057 1283 2068 1294 ‘

470 1383 654 1473 haustum,
689 1403 803 1478 neque
828 1375 872 1450 de
892 1375 983 1468 line,
1018 1401 1090 1479 quo
1114 1377 1225 1452 tendit
1249 1377 1343 1450 istud
1368 1403 1478 1478 opus,
1509 1379 1701 1478 qmdquam
1725 1379 1771 1453 ad
1798 1381 1901 1480 liqui·

471 1483 555 1556 dum
584 1481 701 1582 possit·
718 1478 884 1580 perduci,
911 1478 984 1550 niai
1005 1484 1109 1578 aitia'
1131 1471 1361 1576 discepttioni
1387 1481 1453 1572 sit,
1484 1479 1612 1578 quibus
1636 1493 1772 1556 constet
1797 1485 1903 1580 parti·

471 1583 560 1676 laus,
598 1607 671 1681 qao
703 1583 750 1654 sit
778 1577 878 1672 loco,
913 1603 985 1677 quo
1014 1590 1167 1678 tempore
1199 1579 1390 1678 scriptum,
1429 1605 1500 1680 quo
1531 1579 1671 1654 tandem
1699 1593 1841 1667 rumore
1866 1585 1903 1655 ia

471 1686 586 1758 lucem
617 1685 803 1774 emissum,
851 1679 894 1752 dc
929 1680 1080 1780 singulis·
1108 1679 1211 1756 naue
1242 1677 1412 1778 capitibus
1449 1681 1487 1754 in
1520 1681 1775 1782 prolegomenis
1809 1705 1900 1782 quae

470 1786 669 1860 necessaria
708 1781 908 1855 uiderentur
947 1783 1105 1879 exposui.
1178 1781 1302 1880 Neque
1342 1807 1447 1880 porro
1486 1781 1530 1858 de
1571 1783 1715 1858 consilio
1750 1788 1903 1859 auctoris
1950 1841 1954 1846 .

473 1885 665 1984 quidquam
686 1883 744 1983 agi
766 1893 899 1982 potest,
928 1883 994 1954 nisi
1015 1885 1116 1956 antea
1134 1883 1250 1980 operia
1269 1879 1344 1982 ejus
1364 1895 1605 1983 argumentum
1624 1885 1681 1957 rel
1702 1881 1902 1961 breuissime

473 1992 521 2059 sit
558 1985 748 2059 indicatam
761 2012 772 2078 5
819 2009 899 2056 eum
938 1986 1134 2084 argumenti
1171 1983 1252 2056 dein
1293 1985 1510 2086 expositione
1546 1987 1718 2062 enarratio
1754 1986 1903 2060 fontium

474 2087 620 2162 sortasse
654 2085 821 2186 potuisset
853 2081 1040 2184 conjungi3
1080 2083 1143 2156 sed
1172 2096 1246 2158 tum
1278 2081 1389 2160 lector
1416 2085 1551 2177 sontes,
1592 2103 1686 2185 quos¹
1706 2089 1903 2160 accuratius

473 2191 644 2287 inspicere
679 2185 804 2280 vellet,
844 2184 933 2268 lino
971 2183 1058 2258 iude'
1086 2183 1201 2260 denuo
1231 2181 1299 2258 sibi
1333 2185 1495 2288 colligere
1530 2185 1728 2262 debuisset:
1768 2191 1902 2288 'cuique

332 2329 335 2356 .
474 2291 582 2386 igitur
621 2289 783 2360 materiae
823 2287 939 2358 sontes
983 2287 1174 2384 generatim
1216 2283 1411 2384 subjicere,
1465 2308 1536 2386 quo
1573 2285 1697 2362 melius
1737 2289 1901 2379 eluceret,

324 2505 330 2514 '
475 2385 1534 2610 lllllbldcalnsdllllnalrllnllslllielnrifflllullillldmpllldsclllnmllrllollills
1552 2389 1906 2612 slirlgillrsmtliilrdeplst

476 2618 697 2784 ttttitttt
722 2585 1546 2764 dili„nillil?illinitis-“tt
1574 2615 1720 2790 {illis
1735 2591 1904 2792 ‘lilii

476 2794 631 2866 omnium
667 2793 815 2866 mammo
847 2789 991 2887 placuit.
1061 2789 1256 2864 Consilium
1290 2791 1439 2890 denique
1475 2793 1697 2890 impostoris,
1718 2827 1723 2834 ¹
1741 2795 1905 2892 temporis
2025 2824 2027 2830 ¹

476 2891 591 2988 illius,
609 2919 702 3014 'quo
735 2891 894 2990 scripsit,
934 2892 1067 2965 ratione
1093 2887 1232 2984 habita,
1256 2893 1307 2996 ¹iu
1337 2893 1446 2968 altera
1477 2896 1775 2969 commentationis
1807 2905 1905 2994 parte

476 3022 519 3072 ex
545 3021 634 3070 usur.
943 3021 947 3028 ¹

521 3023 544 3094 p
590 3097 675 3169 dam
709 3120 793 3168 vero
827 3120 898 3176 non
934 3093 1104 3186 diffiteor,
1146 3119 1240 3187 me,
1267 3093 1299 3166 si
1319 3088 1417 3180 lieri
1441 3095 1631 3194 potuisset,
1672 3095 1838 3180 nonnulla
1872 3107 1907 3170 et

478 3197 735 3274 emendatorum
764 3195 876 3266 fuisse
910 3207 946 3266 ct
975 3197 1171 3266 accuratus
1201 3196 1304 3263 etiam
1334 3199 1592 3288 expositurum
1632 3197 1694 3266 sed
1723 3198 1830 3294 longo
1859 3195 1904 3266 alr

478 3301 568 3374 alma
603 3296 755 3393 Georgia
787 3291 951 3391 Angusta
986 3291 1130 3389 ejusque
1166 3289 1294 3388 opibus
1327 3291 1488 3364 litorariis
1523 3292 1702 3390 sejunctus
1736 3292 1906 3368 mirarum

479 3395 613 3498 spetio,
650 3395 737 3468 niluil
760 3405 893 3466 mutare
917 3395 1036 3490 potni3
1078 3415 1175 3490 spem
1197 3415 1311 3484 uero,
1335 3391 1410 3465 iore
1432 3403 1474 3464 ut
1495 3393 1576 3467 Deo
1606 3393 1791 3494 adjuvante
1822 3393 1906 3468 alias

479 3501 616 3597 alioque
642 3499 720 3571 loco
738 3493 806 3584 ,illa
831 3497 1003 3594 corrigere
1026 3503 1062 3566 et
1083 3493 1209 3565 ommsa
1231 3492 1387 3592 prolerre
1401 3491 1498 3566 milri
1523 3493 1649 3590 liceat,
1685 3517 1903 3596 nequaquam

482 3601 616 3702 abjeci,
649 3624 775 3678 noram
801 3609 836 3670 et
858 3597 1026 3696 integram
1051 3593 1168 3692 operis
1192 3589 1481 3668 Ps.·lsidoriani
1506 3595 1691 3671 editionem
1720 3597 1907 3696 aliquando

480 3706 693 3806 paraturus.'
743 3699 839 3775 Viris
868 3707 984 3771 autem
1013 3695 1252 3787 amicissimis,
1281 3697 1354 3796 =qui
1386 3695 1482 3794 quod
1510 3695 1596 3772 milri
1629 3709 1791 3798 negatum
1824 3697 1904 3791 fuit,
1959 3715 1964 3726 ·

481 3833 547 3904 pro
580 3830 641 3876 sua
699 3815 771 3874 arte
805 3799 983 3890 fecererat,
1013 3809 1060 3870 'et
1092 3795 1202 3870 hoece
1235 3793 1441 3894 opusculum
1474 3823 1590 3872 meum
1621 3825 1757 3874 summo
1791 3797 1907 3874 studio
2052 3891 2055 3898 Ι

482 3919 586 4006 atque
628 3829 801 3974 inelel'esso
842 3899 976 3972 labore.
995 3900 1095 3998 ‚typis
1140 3895 1266 3970 excudi
1308 3911 1519 3972 curaverunt
1556 3899 1743 3998 multisque
1785 3903 1907 3991 erratis

354 4019 359 4026 ’
481 4007 737 4098 liberaverunt,
768 4013 804 4075 et
824 4001 903 4073 Deo
924 3999 1068 4098 Optimo
1090 3993 1269 4090 Maximo,
1300 3999 1362 4096 qui
1381 3997 1460 4074 illos
1484 3999 1570 4074 milti
1592 4001 1722 4076 amieos
1747 4001 1903 4094 adduxit,

481 4109 610 4206 gratias
627 4132 702 4210 'ago
728 4131 771 4178 ex
792 4105 917 4200 'intimo
942 4113 1080 4200 pectore
1106 4123 1211 4198 quam
1237 4103 1415 4176 maximas.

539 4257 542 4262 Ι
597 4283 803 4385 Scribebam
834 4279 1031 4383 Goldingae
1061 4287 1097 4356 in
1127 4257 1280 4368 Ourania
1316 4285 1372 4358 die
1407 4281 1595 4362 xxvffl.
1619 4272 1906 4376 octobriarum

483 4383 831 4462 tttltcccxxxlt.
955 4479 957 4484 Ι
1133 4417 1136 4424 ’
1648 4450 1651 4458 ,

979 4567 1415 4598 *wn-
