<?xml version="1.0" encoding="UTF-8"?>
<!DOCTYPE html PUBLIC "-//W3C//DTD XHTML 1.0 Transitional//EN"
    "http://www.w3.org/TR/xhtml1/DTD/xhtml1-transitional.dtd">
<html xmlns="http://www.w3.org/1999/xhtml" xml:lang="en" lang="en">
 <head>
  <title>
</title>
<meta http-equiv="Content-Type" content="text/html;charset=utf-8" />
  <meta name='ocr-system' content='tesseract 3.04.00' />
  <meta name='ocr-capabilities' content='ocr_page ocr_carea ocr_par ocr_line ocrx_word'/>
</head>
<body>
  <div class='ocr_page' id='page_1' title='image "./defontibusetcon00knusgoog_0040.png"; bbox 0 0 4506 5662; ppageno 0'>
   <div class='ocr_carea' id='block_1_1' title="bbox 922 615 1184 737">
    <p class='ocr_par' dir='ltr' id='par_1_1' title="bbox 922 615 1184 737">
     <span class='ocr_line' id='line_1_1' title="bbox 922 615 1184 737; baseline 0 -59"><span class='ocrx_word' id='word_1_1' title='bbox 922 615 1184 737; x_wconf 70' lang='lat'><strong>...2¹7-</strong></span> 
     </span>
    </p>
   </div>
   <div class='ocr_carea' id='block_1_2' title="bbox 335 797 1899 1332">
    <p class='ocr_par' dir='ltr' id='par_1_2' title="bbox 335 797 1899 1332">
     <span class='ocr_line' id='line_1_2' title="bbox 335 797 1767 892; baseline 0.003 -25"><span class='ocrx_word' id='word_1_2' title='bbox 335 799 469 892; x_wconf 81' lang='lat' dir='ltr'><strong>epistola</strong></span> <span class='ocrx_word' id='word_1_3' title='bbox 490 797 537 868; x_wconf 82' lang='lat' dir='ltr'><strong>de</strong></span> <span class='ocrx_word' id='word_1_4' title='bbox 556 800 702 879; x_wconf 80' lang='lat' dir='ltr'><strong>Novato,</strong></span> <span class='ocrx_word' id='word_1_5' title='bbox 727 801 927 888; x_wconf 86' lang='lat' dir='ltr'><strong>Neratiano,</strong></span> <span class='ocrx_word' id='word_1_6' title='bbox 948 803 1135 872; x_wconf 74' lang='lat' dir='ltr'><strong>Nicostrato</strong></span> <span class='ocrx_word' id='word_1_7' title='bbox 1157 813 1191 870; x_wconf 89' lang='lat' dir='ltr'><strong>et</strong></span> <span class='ocrx_word' id='word_1_8' title='bbox 1209 799 1348 870; x_wconf 69' lang='lat' dir='ltr'><strong>tenum</strong></span> <span class='ocrx_word' id='word_1_9' title='bbox 1371 811 1495 884; x_wconf 85' lang='lat' dir='ltr'><strong>narrat,</strong></span> <span class='ocrx_word' id='word_1_10' title='bbox 1517 825 1559 870; x_wconf 87' lang='lat' dir='ltr'><strong>ex</strong></span> <span class='ocrx_word' id='word_1_11' title='bbox 1580 803 1767 892; x_wconf 83' lang='lat' dir='ltr'><strong>raepelan-</strong></span> 
     </span>
     <span class='ocr_line' id='line_1_3' title="bbox 336 887 1769 973; baseline 0.001 -17"><span class='ocrx_word' id='word_1_12' title='bbox 336 892 414 956; x_wconf 83' lang='lat' dir='ltr'><strong>dato</strong></span> <span class='ocrx_word' id='word_1_13' title='bbox 442 887 621 966; x_wconf 79' lang='lat' dir='ltr'><strong>tabularum</strong></span> <span class='ocrx_word' id='word_1_14' title='bbox 651 888 733 955; x_wconf 86' lang='lat' dir='ltr'><strong>libro</strong></span> <span class='ocrx_word' id='word_1_15' title='bbox 760 889 874 958; x_wconf 81' lang='lat' dir='ltr'><strong>hausit</strong></span> <span class='ocrx_word' id='word_1_16' title='bbox 932 891 1087 955; x_wconf 65' lang='lat' dir='ltr'><strong>Imaum</strong></span> <span class='ocrx_word' id='word_1_17' title='bbox 1103 887 1378 973; x_wconf 33' lang='lat' dir='ltr'><strong>,Pa-uanasus,</strong></span> <span class='ocrx_word' id='word_1_18' title='bbox 1399 889 1600 956; x_wconf 87' lang='lat' dir='ltr'><strong>constituisse</strong></span> <span class='ocrx_word' id='word_1_19' title='bbox 1639 891 1769 969; x_wconf 73' lang='lat' dir='ltr'><strong>assent,</strong></span> 
     </span>
     <span class='ocr_line' id='line_1_4' title="bbox 337 971 1771 1062; baseline 0.001 -22"><span class='ocrx_word' id='word_1_20' title='bbox 337 971 478 1060; x_wconf 74' lang='lat' dir='ltr'><strong>„arduo</strong></span> <span class='ocrx_word' id='word_1_21' title='bbox 497 975 674 1062; x_wconf 84' lang='lat' dir='ltr'><strong>presbyteri</strong></span> <span class='ocrx_word' id='word_1_22' title='bbox 695 983 751 1042; x_wconf 79' lang='lat' dir='ltr'><strong>tut</strong></span> <span class='ocrx_word' id='word_1_23' title='bbox 772 986 838 1042; x_wconf 88' lang='lat' dir='ltr'><strong>tres</strong></span> <span class='ocrx_word' id='word_1_24' title='bbox 854 973 980 1042; x_wconf 83' lang='lat' dir='ltr'><strong>diaconi</strong></span> <span class='ocrx_word' id='word_1_25' title='bbox 1001 976 1033 1040; x_wconf 91' lang='lat' dir='ltr'><strong>in</strong></span> <span class='ocrx_word' id='word_1_26' title='bbox 1050 974 1222 1040; x_wconf 85' lang='lat' dir='ltr'><strong>omniloco</strong></span> <span class='ocrx_word' id='word_1_27' title='bbox 1239 974 1425 1060; x_wconf 81' lang='lat' dir='ltr'><strong>episcopum</strong></span> <span class='ocrx_word' id='word_1_28' title='bbox 1444 974 1572 1041; x_wconf 89' lang='lat' dir='ltr'><strong>minime</strong></span> <span class='ocrx_word' id='word_1_29' title='bbox 1585 975 1771 1042; x_wconf 68' lang='lat' dir='ltr'><strong>duerorom</strong></span> 
     </span>
     <span class='ocr_line' id='line_1_5' title="bbox 337 1057 1769 1152; baseline 0.001 -28"><span class='ocrx_word' id='word_1_30' title='bbox 337 1069 470 1148; x_wconf 87' lang='lat' dir='ltr'><strong>propter</strong></span> <span class='ocrx_word' id='word_1_31' title='bbox 490 1059 701 1140; x_wconf 81' lang='lat' dir='ltr'><strong>testimouium</strong></span> <span class='ocrx_word' id='word_1_32' title='bbox 723 1059 1015 1141; x_wconf 77' lang='lat' dir='ltr'><strong>ecclesiasticum3”</strong></span> <span class='ocrx_word' id='word_1_33' title='bbox 1040 1058 1126 1126; x_wconf 84' lang='lat' dir='ltr'><strong>idem</strong></span> <span class='ocrx_word' id='word_1_34' title='bbox 1144 1057 1411 1126; x_wconf 67' lang='lat' dir='ltr'><strong>effu-Isidorus</strong></span> <span class='ocrx_word' id='word_1_35' title='bbox 1424 1057 1600 1152; x_wconf 84' lang='lat' dir='ltr'><strong>adscripsit.</strong></span> <span class='ocrx_word' id='word_1_36' title='bbox 1641 1058 1769 1126; x_wconf 83' lang='lat' dir='ltr'><strong>Deinde</strong></span> 
     </span>
     <span class='ocr_line' id='line_1_6' title="bbox 335 1141 1767 1232; baseline -0.001 -21"><span class='ocrx_word' id='word_1_37' title='bbox 335 1143 514 1212; x_wconf 78' lang='lat' dir='ltr'><strong>secundum</strong></span> <span class='ocrx_word' id='word_1_38' title='bbox 544 1143 656 1208; x_wconf 87' lang='lat' dir='ltr'><strong>librum</strong></span> <span class='ocrx_word' id='word_1_39' title='bbox 684 1143 769 1210; x_wconf 83' lang='lat' dir='ltr'><strong>illum</strong></span> <span class='ocrx_word' id='word_1_40' title='bbox 794 1145 970 1232; x_wconf 77' lang='lat' dir='ltr'><strong>Stephano</strong></span> <span class='ocrx_word' id='word_1_41' title='bbox 997 1144 1076 1232; x_wconf 78' lang='lat' dir='ltr'><strong>¹(ep.</strong></span> <span class='ocrx_word' id='word_1_42' title='bbox 1096 1147 1123 1212; x_wconf 89' lang='lat' dir='ltr'><strong>l.</strong></span> <span class='ocrx_word' id='word_1_43' title='bbox 1177 1141 1338 1230; x_wconf 66' lang='lat' dir='ltr'><strong>agtus)</strong></span> <span class='ocrx_word' id='word_1_44' title='bbox 1371 1144 1481 1210; x_wconf 78' lang='lat' dir='ltr'><strong>tribuit</strong></span> <span class='ocrx_word' id='word_1_45' title='bbox 1507 1155 1660 1218; x_wconf 78' lang='lat' dir='ltr'><strong>statubrm</strong></span> <span class='ocrx_word' id='word_1_46' title='bbox 1694 1145 1767 1224; x_wconf 88' lang='lat' dir='ltr'><strong>„de</strong></span> 
     </span>
     <span class='ocr_line' id='line_1_7' title="bbox 337 1167 1899 1332; baseline 0.001 -38"><span class='ocrx_word' id='word_1_47' title='bbox 337 1230 531 1296; x_wconf 83' lang='lat' dir='ltr'><strong>vestimentis</strong></span> <span class='ocrx_word' id='word_1_48' title='bbox 560 1229 825 1300; x_wconf 83' lang='lat' dir='ltr'><strong>ecclesiasticis”‚</strong></span> <span class='ocrx_word' id='word_1_49' title='bbox 857 1227 1031 1320; x_wconf 79' lang='lat' dir='ltr'><strong>Dionysio</strong></span> <span class='ocrx_word' id='word_1_50' title='bbox 1060 1167 1179 1318; x_wconf 68' lang='lat' dir='ltr'><strong>(qt‘l.</strong></span> <span class='ocrx_word' id='word_1_51' title='bbox 1211 1228 1368 1317; x_wconf 54' lang='lat' dir='ltr'><strong>pre-usu</strong></span> <span class='ocrx_word' id='word_1_52' title='bbox 1390 1241 1422 1294; x_wconf 89' lang='lat' dir='ltr'><strong>et</strong></span> <span class='ocrx_word' id='word_1_53' title='bbox 1443 1229 1537 1313; x_wconf 77' lang='lat' dir='ltr'><strong>eol.)</strong></span> <span class='ocrx_word' id='word_1_54' title='bbox 1557 1237 1766 1332; x_wconf 74' lang='lat' dir='ltr'><strong>praeceptum</strong></span> <span class='ocrx_word' id='word_1_55' title='bbox 1896 1277 1899 1285; x_wconf 34' lang='grc' dir='ltr'><em>ι</em></span> 
     </span>
    </p>
   </div>
   <div class='ocr_carea' id='block_1_3' title="bbox 262 1311 1878 1998">
    <p class='ocr_par' dir='ltr' id='par_1_3' title="bbox 262 1311 1878 1998">
     <span class='ocr_line' id='line_1_8' title="bbox 338 1311 1708 1403; baseline 0.001 -25"><span class='ocrx_word' id='word_1_56' title='bbox 338 1311 403 1394; x_wconf 87' lang='lat' dir='ltr'><strong>„de</strong></span> <span class='ocrx_word' id='word_1_57' title='bbox 433 1313 573 1380; x_wconf 88' lang='lat' dir='ltr'><strong>ecclesiis</strong></span> <span class='ocrx_word' id='word_1_58' title='bbox 606 1314 849 1400; x_wconf 83' lang='lat' dir='ltr'><strong>parochianis’&#39;,</strong></span> <span class='ocrx_word' id='word_1_59' title='bbox 883 1313 997 1378; x_wconf 81' lang='lat' dir='ltr'><em>Felici</em></span> <span class='ocrx_word' id='word_1_60' title='bbox 1017 1316 1042 1380; x_wconf 89' lang='lat'><strong>1.</strong></span> <span class='ocrx_word' id='word_1_61' title='bbox 1078 1319 1148 1403; x_wconf 90' lang='lat' dir='ltr'><strong>(ep.</strong></span> <span class='ocrx_word' id='word_1_62' title='bbox 1158 1318 1188 1380; x_wconf 74' lang='lat'><strong>2.</strong></span> <span class='ocrx_word' id='word_1_63' title='bbox 1215 1335 1291 1402; x_wconf 82' lang='lat' dir='ltr'><strong>pag.</strong></span> <span class='ocrx_word' id='word_1_64' title='bbox 1309 1311 1419 1397; x_wconf 77' lang='lat'><strong>361.)-</strong></span> <span class='ocrx_word' id='word_1_65' title='bbox 1440 1311 1512 1392; x_wconf 90' lang='lat' dir='ltr'><strong>„de</strong></span> <span class='ocrx_word' id='word_1_66' title='bbox 1537 1317 1641 1382; x_wconf 81' lang='lat' dir='ltr'><strong>missus</strong></span> <span class='ocrx_word' id='word_1_67' title='bbox 1669 1337 1708 1382; x_wconf 91' lang='lat' dir='ltr'><strong>su</strong></span> 
     </span>
     <span class='ocr_line' id='line_1_9' title="bbox 262 1396 1775 1488; baseline 0.001 -22"><span class='ocrx_word' id='word_1_68' title='bbox 262 1409 266 1417; x_wconf 88' lang='lat'>&#39;</span> <span class='ocrx_word' id='word_1_69' title='bbox 337 1400 508 1466; x_wconf 78' lang='lat' dir='ltr'><strong>memorias</strong></span> <span class='ocrx_word' id='word_1_70' title='bbox 520 1399 703 1488; x_wconf 77' lang='lat' dir='ltr'>Martyrum</span> <span class='ocrx_word' id='word_1_71' title='bbox 726 1396 924 1465; x_wconf 86' lang='lat' dir='ltr'><strong>celebrandis</strong></span> <span class='ocrx_word' id='word_1_72' title='bbox 932 1398 959 1477; x_wconf 89' lang='lat'><strong>&#39;’,</strong></span> <span class='ocrx_word' id='word_1_73' title='bbox 981 1399 1203 1486; x_wconf 79' lang='lat' dir='ltr'><strong>Ectyelriarro</strong></span> <span class='ocrx_word' id='word_1_74' title='bbox 1224 1399 1294 1486; x_wconf 85' lang='lat' dir='ltr'><strong>(ep.</strong></span> <span class='ocrx_word' id='word_1_75' title='bbox 1316 1399 1357 1464; x_wconf 94' lang='grc'><strong>1.·</strong></span> <span class='ocrx_word' id='word_1_76' title='bbox 1396 1397 1509 1485; x_wconf 83' lang='grc'><strong>.369.)</strong></span> <span class='ocrx_word' id='word_1_77' title='bbox 1528 1399 1595 1479; x_wconf 89' lang='lat' dir='ltr'><strong>„de</strong></span> <span class='ocrx_word' id='word_1_78' title='bbox 1617 1399 1666 1464; x_wconf 86' lang='lat' dir='ltr'><strong>lru</strong></span> <span class='ocrx_word' id='word_1_79' title='bbox 1694 1401 1702 1416; x_wconf 89' lang='lat'>&#39;</span> <span class='ocrx_word' id='word_1_80' title='bbox 1727 1413 1775 1467; x_wconf 87' lang='lat' dir='ltr'><strong>us&#39;</strong></span> 
     </span>
     <span class='ocr_line' id='line_1_10' title="bbox 338 1471 1764 1574; baseline 0.001 -24"><span class='ocrx_word' id='word_1_81' title='bbox 338 1482 564 1550; x_wconf 76' lang='lat' dir='ltr'><strong>benedicendis</strong></span> <span class='ocrx_word' id='word_1_82' title='bbox 591 1499 625 1550; x_wconf 90' lang='lat' dir='ltr'><strong>et</strong></span> <span class='ocrx_word' id='word_1_83' title='bbox 653 1485 727 1552; x_wconf 87' lang='lat' dir='ltr'><strong>Deo</strong></span> <span class='ocrx_word' id='word_1_84' title='bbox 755 1481 970 1563; x_wconf 85' lang='lat' dir='ltr'><strong>ofl&#39;ereudis’&#39;,</strong></span> <span class='ocrx_word' id='word_1_85' title='bbox 1004 1483 1088 1572; x_wconf 66' lang='lat' dir='ltr'><strong>&amp;ajo</strong></span> <span class='ocrx_word' id='word_1_86' title='bbox 1116 1488 1185 1574; x_wconf 82' lang='lat' dir='ltr'><strong>(ep.</strong></span> <span class='ocrx_word' id='word_1_87' title='bbox 1202 1471 1290 1570; x_wconf 78' lang='lat' dir='ltr'><strong>unio.</strong></span> <span class='ocrx_word' id='word_1_88' title='bbox 1321 1485 1372 1574; x_wconf 85' lang='lat' dir='ltr'><strong>p.‘</strong></span> <span class='ocrx_word' id='word_1_89' title='bbox 1440 1482 1457 1568; x_wconf 91' lang='lat'>)</span> <span class='ocrx_word' id='word_1_90' title='bbox 1495 1483 1568 1565; x_wconf 85' lang='lat' dir='ltr'><strong>„de</strong></span> <span class='ocrx_word' id='word_1_91' title='bbox 1596 1507 1657 1572; x_wconf 87' lang='lat' dir='ltr'><strong>gra</strong></span> <span class='ocrx_word' id='word_1_92' title='bbox 1683 1487 1764 1562; x_wconf 84' lang='lat' dir='ltr'><strong>rbus,</strong></span> 
     </span>
     <span class='ocr_line' id='line_1_11' title="bbox 360 1567 1762 1658; baseline 0 -24"><span class='ocrx_word' id='word_1_93' title='bbox 360 1569 453 1636; x_wconf 86' lang='lat' dir='ltr'><strong>uibus</strong></span> <span class='ocrx_word' id='word_1_94' title='bbox 481 1567 522 1634; x_wconf 86' lang='lat' dir='ltr'><strong>ad</strong></span> <span class='ocrx_word' id='word_1_95' title='bbox 550 1589 666 1636; x_wconf 92' lang='lat' dir='ltr'><strong>munus</strong></span> <span class='ocrx_word' id='word_1_96' title='bbox 694 1567 846 1657; x_wconf 78' lang='lat' dir='ltr'><strong>Elpiseopi</strong></span> <span class='ocrx_word' id='word_1_97' title='bbox 868 1567 1060 1636; x_wconf 75' lang='lat' dir='ltr'><strong>ascendatur</strong></span> <span class='ocrx_word' id='word_1_98' title='bbox 1083 1581 1115 1637; x_wconf 90' lang='lat' dir='ltr'><strong>ct</strong></span> <span class='ocrx_word' id='word_1_99' title='bbox 1136 1573 1178 1636; x_wconf 89' lang='lat' dir='ltr'><strong>de</strong></span> <span class='ocrx_word' id='word_1_100' title='bbox 1198 1567 1386 1658; x_wconf 78' lang='lat' dir='ltr'><strong>regionibus</strong></span> <span class='ocrx_word' id='word_1_101' title='bbox 1407 1567 1489 1635; x_wconf 89' lang='lat' dir='ltr'><strong>inter</strong></span> <span class='ocrx_word' id='word_1_102' title='bbox 1510 1567 1663 1636; x_wconf 87' lang='lat' dir='ltr'><strong>diaconos</strong></span> <span class='ocrx_word' id='word_1_103' title='bbox 1686 1569 1762 1636; x_wconf 88' lang='lat' dir='ltr'><strong>divi-</strong></span> 
     </span>
     <span class='ocr_line' id='line_1_12' title="bbox 338 1592 1764 1744; baseline 0 -24"><span class='ocrx_word' id='word_1_104' title='bbox 338 1592 483 1720; x_wconf 83' lang='lat' dir='ltr'><strong>dendis.”</strong></span> <span class='ocrx_word' id='word_1_105' title='bbox 528 1652 635 1732; x_wconf 84' lang='lat' dir='ltr'><strong>Quum</strong></span> <span class='ocrx_word' id='word_1_106' title='bbox 650 1655 682 1722; x_wconf 87' lang='lat' dir='ltr'><strong>in</strong></span> <span class='ocrx_word' id='word_1_107' title='bbox 700 1655 781 1723; x_wconf 86' lang='lat' dir='ltr'><strong>libro</strong></span> <span class='ocrx_word' id='word_1_108' title='bbox 798 1653 970 1744; x_wconf 77' lang='lat' dir='ltr'><strong>pontificali</strong></span> <span class='ocrx_word' id='word_1_109' title='bbox 985 1654 1117 1741; x_wconf 78' lang='lat' dir='ltr'><strong>legisset</strong></span> <span class='ocrx_word' id='word_1_110' title='bbox 1132 1654 1344 1722; x_wconf 84' lang='lat' dir='ltr'><strong>Marcellum</strong></span> <span class='ocrx_word' id='word_1_111' title='bbox 1358 1655 1443 1720; x_wconf 82' lang='lat' dir='ltr'><strong>omni</strong></span> <span class='ocrx_word' id='word_1_112' title='bbox 1458 1647 1555 1720; x_wconf 91' lang='lat' dir='ltr'><strong>modo</strong></span> <span class='ocrx_word' id='word_1_113' title='bbox 1571 1679 1591 1720; x_wconf 91' lang='lat' dir='ltr'><strong>a</strong></span> <span class='ocrx_word' id='word_1_114' title='bbox 1603 1653 1764 1722; x_wconf 77' lang='lat' dir='ltr'><strong>Maxentio</strong></span> 
     </span>
     <span class='ocr_line' id='line_1_13' title="bbox 338 1738 1764 1830; baseline 0.004 -28"><span class='ocrx_word' id='word_1_115' title='bbox 338 1739 437 1804; x_wconf 82' lang='lat' dir='ltr'><strong>titisse</strong></span> <span class='ocrx_word' id='word_1_116' title='bbox 465 1749 632 1820; x_wconf 82' lang='lat' dir='ltr'><strong>vexatum,</strong></span> <span class='ocrx_word' id='word_1_117' title='bbox 672 1741 778 1807; x_wconf 77' lang='lat' dir='ltr'><strong>atatim</strong></span> <span class='ocrx_word' id='word_1_118' title='bbox 808 1742 838 1804; x_wconf 89' lang='lat' dir='ltr'><strong>ei</strong></span> <span class='ocrx_word' id='word_1_119' title='bbox 866 1740 989 1811; x_wconf 81' lang='lat' dir='ltr'><strong>affinxit</strong></span> <span class='ocrx_word' id='word_1_120' title='bbox 1017 1741 1180 1830; x_wconf 80' lang='lat' dir='ltr'><strong>epistolam</strong></span> <span class='ocrx_word' id='word_1_121' title='bbox 1220 1738 1413 1826; x_wconf 87' lang='lat' dir='ltr'><strong>(secundam</strong></span> <span class='ocrx_word' id='word_1_122' title='bbox 1441 1739 1598 1823; x_wconf 86' lang='lat' dir='ltr'><strong>scilicet),</strong></span> <span class='ocrx_word' id='word_1_123' title='bbox 1636 1741 1668 1808; x_wconf 86' lang='lat' dir='ltr'><strong>in</strong></span> <span class='ocrx_word' id='word_1_124' title='bbox 1700 1763 1764 1827; x_wconf 86' lang='lat' dir='ltr'><strong>que</strong></span> 
     </span>
     <span class='ocr_line' id='line_1_14' title="bbox 338 1820 1878 1916; baseline 0.004 -26"><span class='ocrx_word' id='word_1_125' title='bbox 338 1835 507 1916; x_wconf 78' lang='lat' dir='ltr'><strong>tyrannum</strong></span> <span class='ocrx_word' id='word_1_126' title='bbox 527 1821 612 1890; x_wconf 83' lang='lat' dir='ltr'><strong>iham</strong></span> <span class='ocrx_word' id='word_1_127' title='bbox 634 1826 837 1892; x_wconf 79' lang='lat' dir='ltr'><strong>vehementer</strong></span> <span class='ocrx_word' id='word_1_128' title='bbox 858 1826 946 1892; x_wconf 90' lang='lat' dir='ltr'><strong>incre</strong></span> <span class='ocrx_word' id='word_1_129' title='bbox 988 1838 1011 1892; x_wconf 80' lang='lat' dir='ltr'><strong>t</strong></span> <span class='ocrx_word' id='word_1_130' title='bbox 1053 1827 1104 1894; x_wconf 81' lang='lat' dir='ltr'><strong>Ex</strong></span> <span class='ocrx_word' id='word_1_131' title='bbox 1133 1825 1324 1892; x_wconf 86' lang='lat' dir='ltr'><strong>auctoritate</strong></span> <span class='ocrx_word' id='word_1_132' title='bbox 1346 1820 1488 1912; x_wconf 86' lang='lat' dir='ltr'><strong>ejusdem</strong></span> <span class='ocrx_word' id='word_1_133' title='bbox 1510 1823 1580 1890; x_wconf 90' lang='lat' dir='ltr'><strong>libri</strong></span> <span class='ocrx_word' id='word_1_134' title='bbox 1601 1823 1711 1892; x_wconf 84' lang='lat' dir='ltr'><strong>statuit</strong></span> <span class='ocrx_word' id='word_1_135' title='bbox 1730 1825 1762 1890; x_wconf 93' lang='lat' dir='ltr'><strong>in</strong></span> <span class='ocrx_word' id='word_1_136' title='bbox 1876 1888 1878 1896; x_wconf 85' lang='lat'><strong>.</strong></span> 
     </span>
     <span class='ocr_line' id='line_1_15' title="bbox 336 1849 989 1998; baseline 0.002 -21"><span class='ocrx_word' id='word_1_137' title='bbox 336 1909 416 1995; x_wconf 77' lang='lat' dir='ltr'><strong>ep.l</strong></span> <span class='ocrx_word' id='word_1_138' title='bbox 439 1919 472 1974; x_wconf 85' lang='lat' dir='ltr'><strong>et</strong></span> <span class='ocrx_word' id='word_1_139' title='bbox 492 1907 522 1972; x_wconf 87' lang='grc'><strong>3.</strong></span> <span class='ocrx_word' id='word_1_140' title='bbox 557 1907 701 1975; x_wconf 82' lang='lat' dir='ltr'><strong>Eceehii</strong></span> <span class='ocrx_word' id='word_1_141' title='bbox 722 1913 771 1998; x_wconf 92' lang='lat' dir='ltr'><strong>(p.</strong></span> <span class='ocrx_word' id='word_1_142' title='bbox 786 1911 904 1976; x_wconf 73' lang='lat' dir='ltr'><strong>tutet</strong></span> <span class='ocrx_word' id='word_1_143' title='bbox 924 1849 989 1978; x_wconf 74' lang='lat' dir='ltr'><strong>alb</strong></span> 
     </span>
    </p>
   </div>
   <div class='ocr_carea' id='block_1_4' title="bbox 338 1991 1764 2096">
    <p class='ocr_par' dir='ltr' id='par_1_4' title="bbox 338 1991 1764 2096">
     <span class='ocr_line' id='line_1_16' title="bbox 338 1991 1764 2096; baseline 0.001 -38"><span class='ocrx_word' id='word_1_144' title='bbox 338 1991 516 2096; x_wconf 83' lang='lat' dir='ltr'><strong>baptizatos</strong></span> <span class='ocrx_word' id='word_1_145' title='bbox 537 2015 596 2083; x_wconf 86' lang='lat' dir='ltr'><strong>per</strong></span> <span class='ocrx_word' id='word_1_146' title='bbox 623 2017 735 2062; x_wconf 88' lang='lat' dir='ltr'><strong>manus</strong></span> <span class='ocrx_word' id='word_1_147' title='bbox 758 1996 990 2084; x_wconf 85' lang='lat' dir='ltr'><strong>impositionem</strong></span> <span class='ocrx_word' id='word_1_148' title='bbox 1020 2019 1092 2063; x_wconf 89' lang='lat' dir='ltr'><strong>esse</strong></span> <span class='ocrx_word' id='word_1_149' title='bbox 1119 1993 1373 2062; x_wconf 87' lang='lat' dir='ltr'><strong>reconciliandos</strong></span> <span class='ocrx_word' id='word_1_150' title='bbox 1402 2007 1434 2060; x_wconf 88' lang='lat' dir='ltr'><strong>et</strong></span> <span class='ocrx_word' id='word_1_151' title='bbox 1463 1993 1697 2084; x_wconf 87' lang='lat' dir='ltr'><strong>suscipiendos,</strong></span> <span class='ocrx_word' id='word_1_152' title='bbox 1720 2007 1764 2061; x_wconf 79' lang='lat' dir='ltr'><strong>et</strong></span> 
     </span>
    </p>
   </div>
   <div class='ocr_carea' id='block_1_5' title="bbox 989 1908 1790 1995">
    <p class='ocr_par' dir='ltr' id='par_1_5' title="bbox 989 1908 1790 1995">
     <span class='ocr_line' id='line_1_17' title="bbox 989 1908 1790 1995; baseline 0 -19"><span class='ocrx_word' id='word_1_153' title='bbox 989 1912 1017 1995; x_wconf 89' lang='lat'><strong>.)</strong></span> <span class='ocrx_word' id='word_1_154' title='bbox 1042 1911 1222 1978; x_wconf 86' lang='lat' dir='ltr'><strong>haereticos</strong></span> <span class='ocrx_word' id='word_1_155' title='bbox 1253 1909 1284 1975; x_wconf 90' lang='lat' dir='ltr'><strong>iu</strong></span> <span class='ocrx_word' id='word_1_156' title='bbox 1312 1923 1444 1976; x_wconf 82' lang='lat' dir='ltr'><strong>sanctae</strong></span> <span class='ocrx_word' id='word_1_157' title='bbox 1466 1908 1612 1977; x_wconf 70' lang='lat' dir='ltr'><strong>trinitatis</strong></span> <span class='ocrx_word' id='word_1_158' title='bbox 1634 1911 1790 1976; x_wconf 87' lang='lat' dir='ltr'><strong>nomine·</strong></span> 
     </span>
    </p>
   </div>
   <div class='ocr_carea' id='block_1_6' title="bbox 153 2078 1973 4814">
    <p class='ocr_par' dir='ltr' id='par_1_6' title="bbox 339 2078 1763 2170">
     <span class='ocr_line' id='line_1_18' title="bbox 339 2078 1763 2170; baseline 0.002 -27"><span class='ocrx_word' id='word_1_159' title='bbox 339 2087 429 2168; x_wconf 77' lang='lat' dir='ltr'><strong>epist.</strong></span> <span class='ocrx_word' id='word_1_160' title='bbox 446 2079 477 2144; x_wconf 83' lang='lat'><strong>3.</strong></span> <span class='ocrx_word' id='word_1_161' title='bbox 494 2099 534 2164; x_wconf 89' lang='lat' dir='ltr'><strong>p.</strong></span> <span class='ocrx_word' id='word_1_162' title='bbox 548 2079 639 2170; x_wconf 75' lang='lat'><strong>420.&#39;,</strong></span> <span class='ocrx_word' id='word_1_163' title='bbox 693 2079 800 2146; x_wconf 90' lang='lat' dir='ltr'><strong>uando</strong></span> <span class='ocrx_word' id='word_1_164' title='bbox 831 2079 899 2146; x_wconf 90' lang='lat' dir='ltr'><strong>dies</strong></span> <span class='ocrx_word' id='word_1_165' title='bbox 930 2081 1029 2150; x_wconf 84' lang='lat' dir='ltr'><strong>festus</strong></span> <span class='ocrx_word' id='word_1_166' title='bbox 1052 2081 1238 2148; x_wconf 83' lang='lat' dir='ltr'><strong>inventionis</strong></span> <span class='ocrx_word' id='word_1_167' title='bbox 1268 2079 1371 2146; x_wconf 86' lang='lat' dir='ltr'><strong>cmeis</strong></span> <span class='ocrx_word' id='word_1_168' title='bbox 1399 2080 1440 2149; x_wconf 87' lang='lat' dir='ltr'><strong>sit</strong></span> <span class='ocrx_word' id='word_1_169' title='bbox 1470 2078 1698 2161; x_wconf 61' lang='lat' dir='ltr'><strong>celebrandum</strong></span> <span class='ocrx_word' id='word_1_170' title='bbox 1731 2081 1763 2146; x_wconf 87' lang='lat' dir='ltr'><strong>ic</strong></span> 
     </span>
    </p>

    <p class='ocr_par' dir='ltr' id='par_1_7' title="bbox 338 2103 1762 2316">
     <span class='ocr_line' id='line_1_19' title="bbox 338 2103 1762 2316; baseline 0.002 -88"><span class='ocrx_word' id='word_1_171' title='bbox 338 2162 472 2250; x_wconf 87' lang='lat' dir='ltr'><strong>epistola</strong></span> <span class='ocrx_word' id='word_1_172' title='bbox 492 2161 587 2230; x_wconf 84' lang='lat' dir='ltr'><strong>unica</strong></span> <span class='ocrx_word' id='word_1_173' title='bbox 614 2103 821 2232; x_wconf 79' lang='lat' dir='ltr'><strong>Melhlricrlis</strong></span> <span class='ocrx_word' id='word_1_174' title='bbox 845 2169 900 2316; x_wconf 59' lang='lat' dir='ltr'><strong>pp.</strong></span> <span class='ocrx_word' id='word_1_175' title='bbox 914 2165 1007 2252; x_wconf 83' lang='lat'><strong>431.)</strong></span> <span class='ocrx_word' id='word_1_176' title='bbox 1038 2165 1080 2232; x_wconf 89' lang='lat' dir='ltr'><strong>de</strong></span> <span class='ocrx_word' id='word_1_177' title='bbox 1095 2167 1217 2257; x_wconf 85' lang='lat' dir='ltr'><strong>jejunio</strong></span> <span class='ocrx_word' id='word_1_178' title='bbox 1238 2167 1355 2254; x_wconf 43' lang='lat' dir='ltr'><strong>quinta,</strong></span> <span class='ocrx_word' id='word_1_179' title='bbox 1370 2165 1449 2230; x_wconf 87' lang='lat' dir='ltr'><strong>feria</strong></span> <span class='ocrx_word' id='word_1_180' title='bbox 1471 2186 1536 2230; x_wconf 90' lang='lat' dir='ltr'><strong>nou</strong></span> <span class='ocrx_word' id='word_1_181' title='bbox 1558 2163 1762 2232; x_wconf 84' lang='lat' dir='ltr'><strong>celebrando.</strong></span> 
     </span>
    </p>

    <p class='ocr_par' dir='ltr' id='par_1_8' title="bbox 339 2248 1763 2340">
     <span class='ocr_line' id='line_1_20' title="bbox 339 2248 1763 2340; baseline 0.001 -27"><span class='ocrx_word' id='word_1_182' title='bbox 339 2249 434 2322; x_wconf 78' lang='lat' dir='ltr'><strong>Quae</strong></span> <span class='ocrx_word' id='word_1_183' title='bbox 455 2255 532 2312; x_wconf 85' lang='lat' dir='ltr'><strong>r‘ero</strong></span> <span class='ocrx_word' id='word_1_184' title='bbox 552 2248 585 2314; x_wconf 91' lang='lat' dir='ltr'><strong>in</strong></span> <span class='ocrx_word' id='word_1_185' title='bbox 605 2248 667 2316; x_wconf 89' lang='lat' dir='ltr'><strong>hac</strong></span> <span class='ocrx_word' id='word_1_186' title='bbox 692 2249 823 2338; x_wconf 87' lang='lat' dir='ltr'><strong>epistola</strong></span> <span class='ocrx_word' id='word_1_187' title='bbox 869 2275 888 2317; x_wconf 92' lang='lat' dir='ltr'><strong>e</strong></span> <span class='ocrx_word' id='word_1_188' title='bbox 909 2273 1021 2318; x_wconf 89' lang='lat' dir='ltr'><strong>manus</strong></span> <span class='ocrx_word' id='word_1_189' title='bbox 1041 2251 1258 2340; x_wconf 81' lang='lat' dir='ltr'><strong>impositione,</strong></span> <span class='ocrx_word' id='word_1_190' title='bbox 1274 2307 1275 2310; x_wconf 67' lang='grc'>,</span> <span class='ocrx_word' id='word_1_191' title='bbox 1292 2249 1334 2314; x_wconf 86' lang='lat' dir='ltr'><strong>de</strong></span> <span class='ocrx_word' id='word_1_192' title='bbox 1356 2250 1511 2338; x_wconf 82' lang='lat' dir='ltr'><strong>baptismo</strong></span> <span class='ocrx_word' id='word_1_193' title='bbox 1534 2250 1631 2317; x_wconf 89' lang='lat' dir='ltr'><strong>etde</strong></span> <span class='ocrx_word' id='word_1_194' title='bbox 1652 2249 1763 2315; x_wconf 84' lang='lat' dir='ltr'><strong>discri-</strong></span> 
     </span>
    </p>

    <p class='ocr_par' dir='ltr' id='par_1_9' title="bbox 339 2333 1762 2436">
     <span class='ocr_line' id='line_1_21' title="bbox 339 2333 1762 2436; baseline 0.001 -38"><span class='ocrx_word' id='word_1_195' title='bbox 339 2333 423 2403; x_wconf 88' lang='lat' dir='ltr'><strong>mine</strong></span> <span class='ocrx_word' id='word_1_196' title='bbox 443 2333 526 2398; x_wconf 87' lang='lat' dir='ltr'><strong>inter</strong></span> <span class='ocrx_word' id='word_1_197' title='bbox 546 2345 717 2436; x_wconf 77' lang='lat' dir='ltr'><strong>utrumque</strong></span> <span class='ocrx_word' id='word_1_198' title='bbox 738 2333 883 2416; x_wconf 89' lang='lat' dir='ltr'><strong>disserit,</strong></span> <span class='ocrx_word' id='word_1_199' title='bbox 910 2335 973 2404; x_wconf 85' lang='lat' dir='ltr'><strong>vita</strong></span> <span class='ocrx_word' id='word_1_200' title='bbox 1001 2336 1153 2425; x_wconf 74' lang='lat' dir='ltr'><strong>sylvestri</strong></span> <span class='ocrx_word' id='word_1_201' title='bbox 1183 2338 1298 2404; x_wconf 79' lang='lat' dir='ltr'><strong>duobus</strong></span> <span class='ocrx_word' id='word_1_202' title='bbox 1320 2355 1469 2400; x_wconf 87' lang='lat' dir='ltr'><strong>narrasse</strong></span> <span class='ocrx_word' id='word_1_203' title='bbox 1489 2333 1622 2412; x_wconf 77' lang='lat' dir='ltr'><strong>ridetur.</strong></span> <span class='ocrx_word' id='word_1_204' title='bbox 1666 2335 1762 2412; x_wconf 78' lang='lat' dir='ltr'><strong>Quin,</strong></span> 
     </span>
    </p>

    <p class='ocr_par' dir='ltr' id='par_1_10' title="bbox 339 2417 1762 2512">
     <span class='ocr_line' id='line_1_22' title="bbox 339 2417 1762 2512; baseline 0.001 -28"><span class='ocrx_word' id='word_1_205' title='bbox 339 2431 377 2484; x_wconf 88' lang='lat' dir='ltr'><strong>ut</strong></span> <span class='ocrx_word' id='word_1_206' title='bbox 393 2419 436 2482; x_wconf 89' lang='lat' dir='ltr'><strong>·in</strong></span> <span class='ocrx_word' id='word_1_207' title='bbox 465 2419 570 2504; x_wconf 85' lang='lat' dir='ltr'><strong>capite</strong></span> <span class='ocrx_word' id='word_1_208' title='bbox 599 2431 694 2486; x_wconf 83' lang='lat' dir='ltr'><strong>toruo</strong></span> <span class='ocrx_word' id='word_1_209' title='bbox 723 2417 830 2488; x_wconf 84' lang='lat' dir='ltr'><strong>ridere</strong></span> <span class='ocrx_word' id='word_1_210' title='bbox 855 2419 947 2502; x_wconf 87' lang='lat' dir='ltr'><strong>licet,</strong></span> <span class='ocrx_word' id='word_1_211' title='bbox 989 2434 1141 2511; x_wconf 81' lang='lat' dir='ltr'><strong>excerpta</strong></span> <span class='ocrx_word' id='word_1_212' title='bbox 1172 2445 1211 2490; x_wconf 83' lang='lat' dir='ltr'><strong>ex</strong></span> <span class='ocrx_word' id='word_1_213' title='bbox 1245 2420 1346 2512; x_wconf 84' lang='lat' dir='ltr'><strong>gestis</strong></span> <span class='ocrx_word' id='word_1_214' title='bbox 1382 2419 1535 2510; x_wconf 83' lang='lat' dir='ltr'><strong>Sylrestri</strong></span> <span class='ocrx_word' id='word_1_215' title='bbox 1567 2442 1762 2508; x_wconf 87' lang='lat' dir='ltr'><strong>componens</strong></span> 
     </span>
    </p>

    <p class='ocr_par' dir='ltr' id='par_1_11' title="bbox 339 2501 1973 2679">
     <span class='ocr_line' id='line_1_23' title="bbox 339 2501 1973 2594; baseline 0.007 -28"><span class='ocrx_word' id='word_1_216' title='bbox 339 2501 452 2568; x_wconf 87' lang='lat' dir='ltr'><strong>librum</strong></span> <span class='ocrx_word' id='word_1_217' title='bbox 475 2503 687 2590; x_wconf 86' lang='lat' dir='ltr'><strong>pontificalem</strong></span> <span class='ocrx_word' id='word_1_218' title='bbox 708 2503 836 2572; x_wconf 88' lang='lat' dir='ltr'><strong>minime</strong></span> <span class='ocrx_word' id='word_1_219' title='bbox 856 2505 1006 2594; x_wconf 78' lang='lat' dir='ltr'><strong>neglexit.</strong></span> <span class='ocrx_word' id='word_1_220' title='bbox 1193 2511 1208 2524; x_wconf 83' lang='grc'><strong>’“</strong></span> <span class='ocrx_word' id='word_1_221' title='bbox 1971 2571 1973 2578; x_wconf 95' lang='grc'><strong>.</strong></span> 
     </span>
     <span class='ocr_line' id='line_1_24' title="bbox 426 2585 1858 2679; baseline 0.005 -30.603"><span class='ocrx_word' id='word_1_222' title='bbox 426 2585 524 2654; x_wconf 83' lang='lat' dir='ltr'><strong>Duce</strong></span> <span class='ocrx_word' id='word_1_223' title='bbox 543 2588 615 2654; x_wconf 85' lang='lat' dir='ltr'><strong>illae</strong></span> <span class='ocrx_word' id='word_1_224' title='bbox 636 2611 655 2654; x_wconf 85' lang='lat' dir='ltr'><strong>e</strong></span> <span class='ocrx_word' id='word_1_225' title='bbox 677 2591 806 2672; x_wconf 81' lang='lat' dir='ltr'><strong>irtclne,</strong></span> <span class='ocrx_word' id='word_1_226' title='bbox 828 2593 951 2659; x_wconf 82' lang='lat' dir='ltr'><strong>scilicet</strong></span> <span class='ocrx_word' id='word_1_227' title='bbox 971 2589 1125 2656; x_wconf 84' lang='lat' dir='ltr'><strong>Damasi</strong></span> <span class='ocrx_word' id='word_1_228' title='bbox 1147 2589 1279 2676; x_wconf 84' lang='lat' dir='ltr'><strong>(tertia)</strong></span> <span class='ocrx_word' id='word_1_229' title='bbox 1301 2587 1344 2655; x_wconf 90' lang='lat' dir='ltr'><strong>ad</strong></span> <span class='ocrx_word' id='word_1_230' title='bbox 1366 2589 1599 2679; x_wconf 85' lang='lat' dir='ltr'><strong>Hieronymum</strong></span> <span class='ocrx_word' id='word_1_231' title='bbox 1619 2599 1653 2655; x_wconf 88' lang='lat' dir='ltr'><strong>et</strong></span> <span class='ocrx_word' id='word_1_232' title='bbox 1667 2588 1760 2655; x_wconf 86' lang='lat' dir='ltr'><strong>hu&#39;us</strong></span> <span class='ocrx_word' id='word_1_233' title='bbox 1852 2627 1858 2639; x_wconf 93' lang='lat'>·</span> 
     </span>
    </p>

    <p class='ocr_par' dir='ltr' id='par_1_12' title="bbox 307 2613 1784 2932">
     <span class='ocr_line' id='line_1_25' title="bbox 307 2613 1761 2762; baseline 0.002 -25"><span class='ocrx_word' id='word_1_234' title='bbox 307 2703 310 2710; x_wconf 96' lang='lat'>·</span> <span class='ocrx_word' id='word_1_235' title='bbox 340 2671 382 2737; x_wconf 86' lang='lat' dir='ltr'><strong>ad</strong></span> <span class='ocrx_word' id='word_1_236' title='bbox 403 2671 507 2753; x_wconf 89' lang='lat' dir='ltr'><strong>illum,</strong></span> <span class='ocrx_word' id='word_1_237' title='bbox 537 2685 571 2742; x_wconf 88' lang='lat' dir='ltr'><strong>et</strong></span> <span class='ocrx_word' id='word_1_238' title='bbox 590 2696 613 2739; x_wconf 85' lang='lat' dir='ltr'><strong>e</strong></span> <span class='ocrx_word' id='word_1_239' title='bbox 634 2613 716 2740; x_wconf 77' lang='lat' dir='ltr'><strong>lihro</strong></span> <span class='ocrx_word' id='word_1_240' title='bbox 737 2677 926 2762; x_wconf 80' lang='lat' dir='ltr'><strong>pontificali,</strong></span> <span class='ocrx_word' id='word_1_241' title='bbox 955 2677 988 2740; x_wconf 91' lang='lat' dir='ltr'><strong>in</strong></span> <span class='ocrx_word' id='word_1_242' title='bbox 1011 2695 1076 2762; x_wconf 83' lang='lat' dir='ltr'><strong>quo</strong></span> <span class='ocrx_word' id='word_1_243' title='bbox 1096 2673 1233 2761; x_wconf 85' lang='lat' dir='ltr'><strong>legitur:</strong></span> <span class='ocrx_word' id='word_1_244' title='bbox 1255 2675 1351 2755; x_wconf 84' lang='lat' dir='ltr'><strong>„Hic</strong></span> <span class='ocrx_word' id='word_1_245' title='bbox 1372 2675 1553 2756; x_wconf 82' lang='lat' dir='ltr'><strong>ooe&#39;stituit,</strong></span> <span class='ocrx_word' id='word_1_246' title='bbox 1585 2685 1621 2740; x_wconf 93' lang='lat' dir='ltr'><strong>ut</strong></span> <span class='ocrx_word' id='word_1_247' title='bbox 1640 2672 1686 2739; x_wconf 88' lang='lat' dir='ltr'><strong>Ps</strong></span> <span class='ocrx_word' id='word_1_248' title='bbox 1719 2675 1761 2740; x_wconf 89' lang='lat' dir='ltr'><strong>mi</strong></span> 
     </span>
     <span class='ocr_line' id='line_1_26' title="bbox 340 2758 1784 2848; baseline 0.002 -26"><span class='ocrx_word' id='word_1_249' title='bbox 340 2758 582 2845; x_wconf 65' lang='lat' dir='ltr'><strong>densaeque</strong></span> <span class='ocrx_word' id='word_1_250' title='bbox 610 2773 802 2826; x_wconf 82' lang='lat' dir='ltr'><strong>canerentur</strong></span> <span class='ocrx_word' id='word_1_251' title='bbox 829 2783 887 2847; x_wconf 90' lang='lat' dir='ltr'><strong>per</strong></span> <span class='ocrx_word' id='word_1_252' title='bbox 915 2776 1026 2826; x_wconf 79' lang='lat' dir='ltr'><strong>omues</strong></span> <span class='ocrx_word' id='word_1_253' title='bbox 1058 2760 1237 2828; x_wconf 85' lang='lat' dir='ltr'><strong>ecclesias’&#39;</strong></span> <span class='ocrx_word' id='word_1_254' title='bbox 1268 2770 1302 2825; x_wconf 91' lang='lat' dir='ltr'><strong>et</strong></span> <span class='ocrx_word' id='word_1_255' title='bbox 1330 2781 1349 2824; x_wconf 89' lang='lat' dir='ltr'><strong>e</strong></span> <span class='ocrx_word' id='word_1_256' title='bbox 1379 2759 1534 2848; x_wconf 78' lang='lat' dir='ltr'><strong>Gregorii</strong></span> <span class='ocrx_word' id='word_1_257' title='bbox 1562 2759 1695 2844; x_wconf 83' lang='lat' dir='ltr'><strong>Magni,</strong></span> <span class='ocrx_word' id='word_1_258' title='bbox 1727 2772 1784 2845; x_wconf 33' lang='lat' dir='ltr'><strong>ut,</strong></span> 
     </span>
     <span class='ocr_line' id='line_1_27' title="bbox 341 2839 1759 2932; baseline 0.004 -28"><span class='ocrx_word' id='word_1_259' title='bbox 341 2839 533 2917; x_wconf 83' lang='lat' dir='ltr'><strong>ridebimus,</strong></span> <span class='ocrx_word' id='word_1_260' title='bbox 567 2844 751 2908; x_wconf 70' lang='lat' dir='ltr'><strong>uenatione</strong></span> <span class='ocrx_word' id='word_1_261' title='bbox 778 2855 853 2910; x_wconf 88' lang='lat' dir='ltr'><strong>sunt</strong></span> <span class='ocrx_word' id='word_1_262' title='bbox 881 2844 1051 2908; x_wconf 87' lang='lat' dir='ltr'><strong>deductae.</strong></span> <span class='ocrx_word' id='word_1_263' title='bbox 1100 2843 1293 2908; x_wconf 71' lang='lat' dir='ltr'><strong>Anastasia·</strong></span> <span class='ocrx_word' id='word_1_264' title='bbox 1324 2844 1458 2931; x_wconf 83' lang='lat' dir='ltr'><strong>epistola</strong></span> <span class='ocrx_word' id='word_1_265' title='bbox 1488 2845 1590 2932; x_wconf 87' lang='lat' dir='ltr'><strong>prima</strong></span> <span class='ocrx_word' id='word_1_266' title='bbox 1618 2855 1686 2910; x_wconf 81' lang='lat' dir='ltr'><strong>tota</strong></span> <span class='ocrx_word' id='word_1_267' title='bbox 1707 2865 1759 2910; x_wconf 78' lang='lat' dir='ltr'><strong>se·</strong></span> 
     </span>
    </p>

    <p class='ocr_par' dir='ltr' id='par_1_13' title="bbox 270 2923 1761 3014">
     <span class='ocr_line' id='line_1_28' title="bbox 270 2923 1761 3014; baseline 0.003 -22"><span class='ocrx_word' id='word_1_268' title='bbox 270 2943 277 2953; x_wconf 65' lang='lat'><strong>⁴</strong></span> <span class='ocrx_word' id='word_1_269' title='bbox 341 2923 481 3006; x_wconf 84' lang='lat' dir='ltr'><strong>cundum</strong></span> <span class='ocrx_word' id='word_1_270' title='bbox 501 2925 616 2990; x_wconf 89' lang='lat' dir='ltr'><strong>librum</strong></span> <span class='ocrx_word' id='word_1_271' title='bbox 637 2927 851 3014; x_wconf 87' lang='lat' dir='ltr'><strong>pontificalem</strong></span> <span class='ocrx_word' id='word_1_272' title='bbox 881 2929 1018 2996; x_wconf 83' lang='lat' dir='ltr'><strong>conficta</strong></span> <span class='ocrx_word' id='word_1_273' title='bbox 1046 2937 1112 3004; x_wconf 80' lang='lat' dir='ltr'><strong>eat,</strong></span> <span class='ocrx_word' id='word_1_274' title='bbox 1131 2927 1197 3010; x_wconf 78' lang='lat' dir='ltr'><strong>,uhi</strong></span> <span class='ocrx_word' id='word_1_275' title='bbox 1224 2926 1356 2996; x_wconf 85' lang='lat' dir='ltr'><strong>dicitur:</strong></span> <span class='ocrx_word' id='word_1_276' title='bbox 1392 2927 1487 3009; x_wconf 87' lang='lat' dir='ltr'><strong>„Hic</strong></span> <span class='ocrx_word' id='word_1_277' title='bbox 1516 2929 1695 3008; x_wconf 85' lang='lat' dir='ltr'><strong>coustituit,</strong></span> <span class='ocrx_word' id='word_1_278' title='bbox 1726 2942 1761 2996; x_wconf 90' lang='lat' dir='ltr'><strong>ut</strong></span> 
     </span>
    </p>

    <p class='ocr_par' dir='ltr' id='par_1_14' title="bbox 246 3011 1760 3200">
     <span class='ocr_line' id='line_1_29' title="bbox 246 3011 1760 3101; baseline 0.003 -26"><span class='ocrx_word' id='word_1_279' title='bbox 246 3027 248 3032; x_wconf 85' lang='grc'><em>·</em></span> <span class='ocrx_word' id='word_1_280' title='bbox 341 3011 595 3098; x_wconf 70' lang='lat' dir='ltr'><strong>quotiescunque</strong></span> <span class='ocrx_word' id='word_1_281' title='bbox 616 3024 728 3080; x_wconf 86' lang='lat' dir='ltr'><strong>sancte</strong></span> <span class='ocrx_word' id='word_1_282' title='bbox 749 3013 915 3101; x_wconf 77' lang='lat' dir='ltr'><strong>euangelia</strong></span> <span class='ocrx_word' id='word_1_283' title='bbox 939 3013 1166 3088; x_wconf 78' lang='lat' dir='ltr'><strong>recitarentur,</strong></span> <span class='ocrx_word' id='word_1_284' title='bbox 1196 3011 1383 3079; x_wconf 89' lang='lat' dir='ltr'><strong>sacerdotes</strong></span> <span class='ocrx_word' id='word_1_285' title='bbox 1413 3034 1475 3076; x_wconf 92' lang='lat' dir='ltr'><strong>non</strong></span> <span class='ocrx_word' id='word_1_286' title='bbox 1504 3011 1670 3090; x_wconf 86' lang='lat' dir='ltr'><strong>sederent,</strong></span> <span class='ocrx_word' id='word_1_287' title='bbox 1700 3013 1760 3080; x_wconf 91' lang='lat' dir='ltr'><strong>sed</strong></span> 
     </span>
     <span class='ocr_line' id='line_1_30' title="bbox 341 3095 1759 3200; baseline -0.001 -38"><span class='ocrx_word' id='word_1_288' title='bbox 341 3097 429 3162; x_wconf 81' lang='lat' dir='ltr'><strong>curri</strong></span> <span class='ocrx_word' id='word_1_289' title='bbox 458 3108 597 3177; x_wconf 78' lang='lat' dir='ltr'><strong>starent3</strong></span> <span class='ocrx_word' id='word_1_290' title='bbox 632 3109 665 3164; x_wconf 86' lang='lat' dir='ltr'><strong>et</strong></span> <span class='ocrx_word' id='word_1_291' title='bbox 692 3098 757 3164; x_wconf 88' lang='lat' dir='ltr'><strong>hoc</strong></span> <span class='ocrx_word' id='word_1_292' title='bbox 786 3099 965 3186; x_wconf 85' lang='lat' dir='ltr'><strong>constituit,</strong></span> <span class='ocrx_word' id='word_1_293' title='bbox 998 3095 1090 3190; x_wconf 23' lang='lat' dir='ltr'><strong>nulla·</strong></span> <span class='ocrx_word' id='word_1_294' title='bbox 1111 3095 1236 3164; x_wconf 90' lang='lat' dir='ltr'><strong>ratione</strong></span> <span class='ocrx_word' id='word_1_295' title='bbox 1265 3097 1510 3166; x_wconf 85' lang='lat' dir='ltr'><strong>transmarinum</strong></span> <span class='ocrx_word' id='word_1_296' title='bbox 1538 3098 1698 3200; x_wconf 65' lang='lat' dir='ltr'><strong>lpominem</strong></span> <span class='ocrx_word' id='word_1_297' title='bbox 1727 3097 1759 3162; x_wconf 88' lang='lat' dir='ltr'><strong>iu</strong></span> 
     </span>
    </p>

    <p class='ocr_par' dir='ltr' id='par_1_15' title="bbox 227 3178 1758 3280">
     <span class='ocr_line' id='line_1_31' title="bbox 227 3178 1758 3280; baseline 0.003 -34"><span class='ocrx_word' id='word_1_298' title='bbox 227 3194 230 3204; x_wconf 90' lang='grc'><strong>’</strong></span> <span class='ocrx_word' id='word_1_299' title='bbox 341 3178 508 3248; x_wconf 89' lang='lat' dir='ltr'><strong>clericatus</strong></span> <span class='ocrx_word' id='word_1_300' title='bbox 525 3179 680 3246; x_wconf 88' lang='lat' dir='ltr'><strong>honorem</strong></span> <span class='ocrx_word' id='word_1_301' title='bbox 695 3183 822 3270; x_wconf 85' lang='lat' dir='ltr'><strong>suscipi,</strong></span> <span class='ocrx_word' id='word_1_302' title='bbox 844 3184 900 3253; x_wconf 86' lang='lat' dir='ltr'><strong>nisi</strong></span> <span class='ocrx_word' id='word_1_303' title='bbox 919 3183 1059 3271; x_wconf 83' lang='lat' dir='ltr'><strong>quinque</strong></span> <span class='ocrx_word' id='word_1_304' title='bbox 1075 3181 1298 3280; x_wconf 82' lang='lat' dir='ltr'><strong>episcoporum</strong></span> <span class='ocrx_word' id='word_1_305' title='bbox 1312 3181 1379 3248; x_wconf 89' lang='lat' dir='ltr'><strong>desi</strong></span> <span class='ocrx_word' id='word_1_306' title='bbox 1408 3195 1498 3250; x_wconf 86' lang='lat' dir='ltr'><strong>naret</strong></span> <span class='ocrx_word' id='word_1_307' title='bbox 1514 3183 1758 3272; x_wconf 77' lang='lat' dir='ltr'><strong>chirographos,</strong></span> 
     </span>
    </p>

    <p class='ocr_par' dir='ltr' id='par_1_16' title="bbox 153 3265 1792 3528">
     <span class='ocr_line' id='line_1_32' title="bbox 153 3265 1759 3352; baseline 0.003 -24"><span class='ocrx_word' id='word_1_308' title='bbox 153 3304 165 3316; x_wconf 78' lang='lat'><em>,</em></span> <span class='ocrx_word' id='word_1_309' title='bbox 301 3341 305 3348; x_wconf 30' lang='lat'>‚</span> <span class='ocrx_word' id='word_1_310' title='bbox 340 3265 415 3352; x_wconf 76' lang='lat' dir='ltr'><strong>quia</strong></span> <span class='ocrx_word' id='word_1_311' title='bbox 436 3275 469 3330; x_wconf 79' lang='lat' dir='ltr'><strong>et</strong></span> <span class='ocrx_word' id='word_1_312' title='bbox 490 3265 605 3344; x_wconf 80' lang='lat' dir='ltr'><strong>eodem</strong></span> <span class='ocrx_word' id='word_1_313' title='bbox 628 3277 775 3352; x_wconf 87' lang='lat' dir='ltr'><strong>tempore</strong></span> <span class='ocrx_word' id='word_1_314' title='bbox 796 3267 972 3332; x_wconf 86' lang='lat' dir='ltr'><strong>Manichaei</strong></span> <span class='ocrx_word' id='word_1_315' title='bbox 994 3265 1110 3330; x_wconf 80' lang='lat' dir='ltr'><strong>inventi</strong></span> <span class='ocrx_word' id='word_1_316' title='bbox 1130 3265 1251 3330; x_wconf 87' lang='lat' dir='ltr'><strong>suntin</strong></span> <span class='ocrx_word' id='word_1_317' title='bbox 1267 3268 1347 3330; x_wconf 90' lang='lat' dir='ltr'><strong>urbe</strong></span> <span class='ocrx_word' id='word_1_318' title='bbox 1398 3269 1497 3332; x_wconf 86' lang='lat' dir='ltr'><strong>oma.&#39;&#39;</strong></span> <span class='ocrx_word' id='word_1_319' title='bbox 1518 3303 1560 3316; x_wconf 89' lang='lat'><em>-</em></span> <span class='ocrx_word' id='word_1_320' title='bbox 1593 3269 1691 3334; x_wconf 81' lang='lat' dir='ltr'><strong>Sixrr‘</strong></span> <span class='ocrx_word' id='word_1_321' title='bbox 1700 3269 1759 3334; x_wconf 88' lang='lat'><strong>111.</strong></span> 
     </span>
     <span class='ocr_line' id='line_1_33' title="bbox 340 3340 1792 3439; baseline 0.003 -25"><span class='ocrx_word' id='word_1_322' title='bbox 340 3340 494 3437; x_wconf 86' lang='lat' dir='ltr'><strong>epistolae</strong></span> <span class='ocrx_word' id='word_1_323' title='bbox 528 3347 644 3416; x_wconf 85' lang='lat' dir='ltr'><strong>tertiae</strong></span> <span class='ocrx_word' id='word_1_324' title='bbox 677 3351 729 3438; x_wconf 88' lang='lat' dir='ltr'><strong>(p.</strong></span> <span class='ocrx_word' id='word_1_325' title='bbox 747 3351 812 3416; x_wconf 80' lang='lat'><strong>564</strong></span> <span class='ocrx_word' id='word_1_326' title='bbox 841 3347 992 3435; x_wconf 77' lang='lat' dir='ltr'><strong>eroco.)</strong></span> <span class='ocrx_word' id='word_1_327' title='bbox 1022 3349 1135 3416; x_wconf 84' lang='lat' dir='ltr'><strong>rerba:</strong></span> <span class='ocrx_word' id='word_1_328' title='bbox 1165 3347 1292 3428; x_wconf 83' lang='lat' dir='ltr'><strong>„Quod</strong></span> <span class='ocrx_word' id='word_1_329' title='bbox 1321 3353 1413 3438; x_wconf 87' lang='lat' dir='ltr'><strong>ergo</strong></span> <span class='ocrx_word' id='word_1_330' title='bbox 1432 3349 1606 3439; x_wconf 79' lang='lat' dir='ltr'><strong>mandastis</strong></span> <span class='ocrx_word' id='word_1_331' title='bbox 1634 3389 1676 3398; x_wconf 89' lang='lat'><strong>—</strong></span> <span class='ocrx_word' id='word_1_332' title='bbox 1706 3351 1760 3418; x_wconf 84' lang='lat' dir='ltr'><strong>me</strong></span> <span class='ocrx_word' id='word_1_333' title='bbox 1787 3369 1792 3377; x_wconf 86' lang='lat'><strong><em>‘</em></strong></span> 
     </span>
     <span class='ocr_line' id='line_1_34' title="bbox 340 3431 1759 3528; baseline 0.004 -29"><span class='ocrx_word' id='word_1_334' title='bbox 340 3431 505 3524; x_wconf 74' lang='lat' dir='ltr'><strong>purgaui.&#39;’</strong></span> <span class='ocrx_word' id='word_1_335' title='bbox 525 3439 558 3500; x_wconf 83' lang='lat' dir='ltr'><strong>et</strong></span> <span class='ocrx_word' id='word_1_336' title='bbox 579 3433 675 3514; x_wconf 87' lang='lat' dir='ltr'><strong>„Ista</strong></span> <span class='ocrx_word' id='word_1_337' title='bbox 697 3434 804 3500; x_wconf 89' lang='lat' dir='ltr'><strong>omnia</strong></span> <span class='ocrx_word' id='word_1_338' title='bbox 826 3434 992 3523; x_wconf 89' lang='lat' dir='ltr'><strong>postposui</strong></span> <span class='ocrx_word' id='word_1_339' title='bbox 1012 3471 1054 3484; x_wconf 90' lang='lat'><strong>-—</strong></span> <span class='ocrx_word' id='word_1_340' title='bbox 1077 3433 1125 3500; x_wconf 91' lang='lat' dir='ltr'><strong>his</strong></span> <span class='ocrx_word' id='word_1_341' title='bbox 1147 3433 1285 3504; x_wconf 86' lang='lat' dir='ltr'><strong>similia.”</strong></span> <span class='ocrx_word' id='word_1_342' title='bbox 1313 3447 1347 3504; x_wconf 90' lang='lat' dir='ltr'><strong>et</strong></span> <span class='ocrx_word' id='word_1_343' title='bbox 1375 3432 1643 3524; x_wconf 71' lang='lat' dir='ltr'><strong>totam&#39;loarrnie</strong></span> <span class='ocrx_word' id='word_1_344' title='bbox 1659 3435 1684 3504; x_wconf 90' lang='lat' dir='ltr'><strong>l.</strong></span> <span class='ocrx_word' id='word_1_345' title='bbox 1708 3460 1759 3528; x_wconf 91' lang='lat' dir='ltr'><strong>ep.</strong></span> 
     </span>
    </p>

    <p class='ocr_par' dir='ltr' id='par_1_17' title="bbox 212 3515 1907 4814">
     <span class='ocr_line' id='line_1_35' title="bbox 231 3515 1758 3622; baseline 0.003 -39"><span class='ocrx_word' id='word_1_346' title='bbox 231 3553 236 3558; x_wconf 87' lang='lat'>·</span> <span class='ocrx_word' id='word_1_347' title='bbox 338 3515 516 3584; x_wconf 88' lang='lat' dir='ltr'><strong>secundam</strong></span> <span class='ocrx_word' id='word_1_348' title='bbox 539 3518 607 3584; x_wconf 87' lang='lat' dir='ltr'><strong>sine</strong></span> <span class='ocrx_word' id='word_1_349' title='bbox 627 3517 843 3588; x_wconf 76' lang='lat' dir='ltr'><strong>Ps-Damasi</strong></span> <span class='ocrx_word' id='word_1_350' title='bbox 866 3520 981 3586; x_wconf 79' lang='lat' dir='ltr'><strong>auxilio</strong></span> <span class='ocrx_word' id='word_1_351' title='bbox 1003 3541 1165 3622; x_wconf 71' lang='lat' dir='ltr'><strong>nunquam</strong></span> <span class='ocrx_word' id='word_1_352' title='bbox 1186 3519 1217 3585; x_wconf 94' lang='lat' dir='ltr'><strong>in</strong></span> <span class='ocrx_word' id='word_1_353' title='bbox 1240 3519 1343 3586; x_wconf 89' lang='lat' dir='ltr'><strong>lucem</strong></span> <span class='ocrx_word' id='word_1_354' title='bbox 1364 3523 1509 3588; x_wconf 88' lang='lat' dir='ltr'><strong>emittere</strong></span> <span class='ocrx_word' id='word_1_355' title='bbox 1529 3521 1694 3608; x_wconf 86' lang='lat' dir='ltr'><strong>potuisset.</strong></span> <span class='ocrx_word' id='word_1_356' title='bbox 1715 3561 1758 3572; x_wconf 89' lang='lat'><em>-</em></span> 
     </span>
     <span class='ocr_line' id='line_1_36' title="bbox 334 3597 1758 3694; baseline 0.002 -25"><span class='ocrx_word' id='word_1_357' title='bbox 334 3600 520 3672; x_wconf 79' lang='lat' dir='ltr'><strong>Ecclesiam</strong></span> <span class='ocrx_word' id='word_1_358' title='bbox 539 3603 740 3684; x_wconf 77' lang='lat' dir='ltr'><strong>Africanam,</strong></span> <span class='ocrx_word' id='word_1_359' title='bbox 769 3604 853 3670; x_wconf 91' lang='lat' dir='ltr'><strong>duce</strong></span> <span class='ocrx_word' id='word_1_360' title='bbox 880 3603 1006 3672; x_wconf 82' lang='lat' dir='ltr'><strong>Aurelio</strong></span> <span class='ocrx_word' id='word_1_361' title='bbox 1034 3627 1185 3694; x_wconf 78' lang='lat' dir='ltr'><strong>episcopo</strong></span> <span class='ocrx_word' id='word_1_362' title='bbox 1216 3605 1390 3691; x_wconf 71' lang='lat' dir='ltr'><strong>carthag„</strong></span> <span class='ocrx_word' id='word_1_363' title='bbox 1418 3605 1610 3678; x_wconf 83' lang='lat' dir='ltr'><strong>horrendam</strong></span> <span class='ocrx_word' id='word_1_364' title='bbox 1635 3597 1758 3672; x_wconf 83' lang='lat' dir='ltr'><strong>Roma-</strong></span> 
     </span>
     <span class='ocr_line' id='line_1_37' title="bbox 266 3687 1907 3857; baseline 0.004 -19"><span class='ocrx_word' id='word_1_365' title='bbox 266 3808 272 3816; x_wconf 70' lang='lat'>·</span> <span class='ocrx_word' id='word_1_366' title='bbox 338 3709 452 3840; x_wconf 69' lang='lat' dir='ltr'><strong>till</strong></span> <span class='ocrx_word' id='word_1_367' title='bbox 482 3688 679 3838; x_wconf 55' lang='lat' dir='ltr'><strong>lllflfiibl.</strong></span> <span class='ocrx_word' id='word_1_368' title='bbox 698 3687 1341 3857; x_wconf 50' lang='lat' dir='ltr'><strong>corcuruli..cestret-</strong></span> <span class='ocrx_word' id='word_1_369' title='bbox 1353 3689 1759 3844; x_wconf 65' lang='lat' dir='ltr'><strong>·1{⁸*l2‘¹.¹.⁸..l-³⁰⁶.¹.t”.t</strong></span> <span class='ocrx_word' id='word_1_370' title='bbox 1901 3783 1907 3786; x_wconf 95' lang='lat'>·</span> 
     </span>
     <span class='ocr_line' id='line_1_38' title="bbox 339 3795 1838 3954; baseline 0.003 -30"><span class='ocrx_word' id='word_1_371' title='bbox 339 3795 602 3944; x_wconf 61' lang='lat' dir='ltr'><strong>rempdrelvenil‘</strong></span> <span class='ocrx_word' id='word_1_372' title='bbox 613 3859 725 3926; x_wconf 89' lang='lat' dir='ltr'><strong>relatio</strong></span> <span class='ocrx_word' id='word_1_373' title='bbox 748 3861 789 3925; x_wconf 93' lang='lat' dir='ltr'><strong>ab</strong></span> <span class='ocrx_word' id='word_1_374' title='bbox 810 3799 897 3925; x_wconf 68' lang='lat' dir='ltr'><strong>ufril</strong></span> <span class='ocrx_word' id='word_1_375' title='bbox 916 3859 1073 3948; x_wconf 86' lang='lat' dir='ltr'><strong>episcopis</strong></span> <span class='ocrx_word' id='word_1_376' title='bbox 1095 3838 1138 3924; x_wconf 92' lang='lat' dir='ltr'><strong>de</strong></span> <span class='ocrx_word' id='word_1_377' title='bbox 1159 3825 1400 3926; x_wconf 41' lang='lat' dir='ltr'><strong>constitutione·</strong></span> <span class='ocrx_word' id='word_1_378' title='bbox 1415 3873 1447 3928; x_wconf 90' lang='lat' dir='ltr'><strong>et</strong></span> <span class='ocrx_word' id='word_1_379' title='bbox 1461 3799 1508 3928; x_wconf 75' lang='lat' dir='ltr'><strong>gut</strong></span> <span class='ocrx_word' id='word_1_380' title='bbox 1533 3825 1757 3928; x_wconf 58' lang='lat' dir='ltr'><strong>oum&#39;honsilio</strong></span> <span class='ocrx_word' id='word_1_381' title='bbox 1825 3944 1838 3954; x_wconf 22' lang='grc' dir='ltr'>ἣ</span> 
     </span>
     <span class='ocr_line' id='line_1_39' title="bbox 338 3940 1878 4036; baseline 0.002 -27"><span class='ocrx_word' id='word_1_382' title='bbox 338 3940 424 4020; x_wconf 76' lang='lat' dir='ltr'><strong>sedis</strong></span> <span class='ocrx_word' id='word_1_383' title='bbox 445 3943 646 4030; x_wconf 71' lang='lat' dir='ltr'><strong>spostolicae</strong></span> <span class='ocrx_word' id='word_1_384' title='bbox 666 3945 772 4010; x_wconf 88' lang='lat' dir='ltr'><strong>omnia</strong></span> <span class='ocrx_word' id='word_1_385' title='bbox 795 3945 906 4011; x_wconf 86' lang='lat' dir='ltr'><strong>Carth.</strong></span> <span class='ocrx_word' id='word_1_386' title='bbox 924 3945 1091 4036; x_wconf 89' lang='lat' dir='ltr'><strong>episcopus</strong></span> <span class='ocrx_word' id='word_1_387' title='bbox 1115 3945 1270 4026; x_wconf 86' lang='lat' dir='ltr'><strong>laceret;&#39;’</strong></span> <span class='ocrx_word' id='word_1_388' title='bbox 1299 3945 1373 4011; x_wconf 89' lang='lat' dir='ltr'><strong>hinc</strong></span> <span class='ocrx_word' id='word_1_389' title='bbox 1391 3946 1534 4033; x_wconf 83' lang='lat' dir='ltr'><strong>tingendi</strong></span> <span class='ocrx_word' id='word_1_390' title='bbox 1556 3947 1757 4028; x_wconf 73' lang='lat' dir='ltr'><strong>occasionem</strong></span> <span class='ocrx_word' id='word_1_391' title='bbox 1845 3953 1848 3962; x_wconf 77' lang='grc'><em>’</em></span> <span class='ocrx_word' id='word_1_392' title='bbox 1872 3995 1878 4002; x_wconf 79' lang='grc'><strong>.</strong></span> 
     </span>
     <span class='ocr_line' id='line_1_40' title="bbox 339 4027 1824 4120; baseline 0.003 -27"><span class='ocrx_word' id='word_1_393' title='bbox 339 4037 472 4106; x_wconf 89' lang='lat' dir='ltr'><strong>nactus,</strong></span> <span class='ocrx_word' id='word_1_394' title='bbox 495 4027 654 4112; x_wconf 86' lang='lat' dir='ltr'><strong>quendam</strong></span> <span class='ocrx_word' id='word_1_395' title='bbox 673 4027 833 4096; x_wconf 84' lang='lat' dir='ltr'><strong>Eulalium</strong></span> <span class='ocrx_word' id='word_1_396' title='bbox 849 4066 892 4078; x_wconf 90' lang='lat'>-</span> <span class='ocrx_word' id='word_1_397' title='bbox 903 4028 996 4116; x_wconf 81' lang='lat' dir='ltr'><strong>¹quod</strong></span> <span class='ocrx_word' id='word_1_398' title='bbox 1015 4029 1143 4118; x_wconf 86' lang='lat' dir='ltr'><strong>quidem</strong></span> <span class='ocrx_word' id='word_1_399' title='bbox 1159 4037 1275 4096; x_wconf 89' lang='lat' dir='ltr'><strong>nomen</strong></span> <span class='ocrx_word' id='word_1_400' title='bbox 1294 4051 1313 4096; x_wconf 90' lang='lat' dir='ltr'><strong>e</strong></span> <span class='ocrx_word' id='word_1_401' title='bbox 1330 4033 1391 4098; x_wconf 84' lang='lat' dir='ltr'><strong>rita</strong></span> <span class='ocrx_word' id='word_1_402' title='bbox 1406 4031 1513 4110; x_wconf 76' lang='lat' dir='ltr'><strong>Bonis.</strong></span> <span class='ocrx_word' id='word_1_403' title='bbox 1531 4031 1555 4096; x_wconf 93' lang='lat' dir='ltr'><strong>l.</strong></span> <span class='ocrx_word' id='word_1_404' title='bbox 1574 4043 1757 4120; x_wconf 85' lang='lat' dir='ltr'><strong>surreptum</strong></span> <span class='ocrx_word' id='word_1_405' title='bbox 1819 4102 1824 4110; x_wconf 61' lang='grc'><strong>,</strong></span> 
     </span>
     <span class='ocr_line' id='line_1_41' title="bbox 339 4109 1757 4218; baseline 0.004 -42"><span class='ocrx_word' id='word_1_406' title='bbox 339 4133 399 4202; x_wconf 87' lang='lat' dir='ltr'><strong>pro</strong></span> <span class='ocrx_word' id='word_1_407' title='bbox 429 4109 519 4177; x_wconf 90' lang='lat' dir='ltr'><strong>libitu</strong></span> <span class='ocrx_word' id='word_1_408' title='bbox 548 4111 636 4199; x_wconf 90' lang='lat' dir='ltr'><strong>ponit</strong></span> <span class='ocrx_word' id='word_1_409' title='bbox 663 4151 705 4162; x_wconf 97' lang='lat'><em>-</em></span> <span class='ocrx_word' id='word_1_410' title='bbox 735 4115 922 4205; x_wconf 88' lang='lat' dir='ltr'><strong>episcopum</strong></span> <span class='ocrx_word' id='word_1_411' title='bbox 952 4115 1109 4204; x_wconf 67' lang='lat' dir='ltr'><strong>carthag.</strong></span> <span class='ocrx_word' id='word_1_412' title='bbox 1141 4130 1278 4192; x_wconf 89' lang='lat' dir='ltr'><strong>„omnes</strong></span> <span class='ocrx_word' id='word_1_413' title='bbox 1307 4117 1482 4218; x_wconf 87' lang='lat' dir='ltr'><strong>scripturas</strong></span> <span class='ocrx_word' id='word_1_414' title='bbox 1510 4113 1757 4200; x_wconf 66' lang='lat' dir='ltr'><strong>adversus-Rc,-</strong></span> 
     </span>
     <span class='ocr_line' id='line_1_42' title="bbox 338 4196 1756 4289; baseline 0.003 -25"><span class='ocrx_word' id='word_1_415' title='bbox 338 4203 454 4264; x_wconf 83' lang='lat' dir='ltr'><strong>menae</strong></span> <span class='ocrx_word' id='word_1_416' title='bbox 477 4196 633 4262; x_wconf 87' lang='lat' dir='ltr'><strong>ecclesiae</strong></span> <span class='ocrx_word' id='word_1_417' title='bbox 661 4199 866 4287; x_wconf 76' lang='lat' dir='ltr'><strong>privilegien</strong></span> <span class='ocrx_word' id='word_1_418' title='bbox 895 4199 1198 4289; x_wconf 82' lang='lat' dir='ltr'><strong>praedecessoribus</strong></span> <span class='ocrx_word' id='word_1_419' title='bbox 1223 4200 1288 4266; x_wconf 89' lang='lat' dir='ltr'><strong>suis</strong></span> <span class='ocrx_word' id='word_1_420' title='bbox 1316 4203 1457 4285; x_wconf 75' lang='lat' dir='ltr'><strong>(scilicet</strong></span> <span class='ocrx_word' id='word_1_421' title='bbox 1476 4199 1625 4288; x_wconf 73' lang='lat' dir='ltr'><strong>Aurelio)</strong></span> <span class='ocrx_word' id='word_1_422' title='bbox 1654 4201 1756 4274; x_wconf 85' lang='lat' dir='ltr'><strong>sactes</strong></span> 
     </span>
     <span class='ocr_line' id='line_1_43' title="bbox 339 4279 1756 4374; baseline 0.004 -26"><span class='ocrx_word' id='word_1_423' title='bbox 339 4279 531 4362; x_wconf 83' lang='lat' dir='ltr'><strong>damnasse,</strong></span> <span class='ocrx_word' id='word_1_424' title='bbox 558 4303 673 4370; x_wconf 84' lang='lat' dir='ltr'><strong>pacem</strong></span> <span class='ocrx_word' id='word_1_425' title='bbox 702 4297 735 4352; x_wconf 85' lang='lat' dir='ltr'><strong>et</strong></span> <span class='ocrx_word' id='word_1_426' title='bbox 764 4285 1019 4352; x_wconf 89' lang='lat' dir='ltr'><strong>communionem</strong></span> <span class='ocrx_word' id='word_1_427' title='bbox 1047 4283 1217 4350; x_wconf 85' lang='lat' dir='ltr'><strong>Romanae</strong></span> <span class='ocrx_word' id='word_1_428' title='bbox 1245 4285 1400 4364; x_wconf 81' lang='lat' dir='ltr'><strong>ecclesiae</strong></span> <span class='ocrx_word' id='word_1_429' title='bbox 1429 4285 1586 4352; x_wconf 88' lang='lat' dir='ltr'><strong>humiliter</strong></span> <span class='ocrx_word' id='word_1_430' title='bbox 1605 4287 1756 4374; x_wconf 82' lang='lat' dir='ltr'><strong>petiisse&#39;&#39;</strong></span> 
     </span>
     <span class='ocr_line' id='line_1_44' title="bbox 212 4365 1757 4473; baseline 0.003 -39"><span class='ocrx_word' id='word_1_431' title='bbox 212 4425 220 4440; x_wconf 61' lang='lat'><strong>,</strong></span> <span class='ocrx_word' id='word_1_432' title='bbox 241 4451 244 4458; x_wconf 21' lang='grc' dir='ltr'>Ι</span> <span class='ocrx_word' id='word_1_433' title='bbox 338 4366 482 4435; x_wconf 83' lang='lat' dir='ltr'><strong>somniat.</strong></span> <span class='ocrx_word' id='word_1_434' title='bbox 531 4365 584 4430; x_wconf 84' lang='lat' dir='ltr'><strong>De</strong></span> <span class='ocrx_word' id='word_1_435' title='bbox 605 4366 740 4434; x_wconf 82' lang='lat' dir='ltr'><strong>Joanrze</strong></span> <span class='ocrx_word' id='word_1_436' title='bbox 759 4371 802 4436; x_wconf 90' lang='lat'><strong>11.</strong></span> <span class='ocrx_word' id='word_1_437' title='bbox 823 4371 903 4436; x_wconf 86' lang='lat' dir='ltr'><strong>liber</strong></span> <span class='ocrx_word' id='word_1_438' title='bbox 923 4370 1111 4460; x_wconf 85' lang='lat' dir='ltr'><strong>pontificalis</strong></span> <span class='ocrx_word' id='word_1_439' title='bbox 1133 4368 1253 4436; x_wconf 89' lang='lat' dir='ltr'><strong>relert:</strong></span> <span class='ocrx_word' id='word_1_440' title='bbox 1282 4370 1436 4450; x_wconf 81' lang='lat' dir='ltr'><strong>„Eodem</strong></span> <span class='ocrx_word' id='word_1_441' title='bbox 1459 4383 1604 4473; x_wconf 85' lang='lat' dir='ltr'><strong>ternpore</strong></span> <span class='ocrx_word' id='word_1_442' title='bbox 1621 4371 1666 4438; x_wconf 85' lang='lat' dir='ltr'><strong>vir</strong></span> <span class='ocrx_word' id='word_1_443' title='bbox 1687 4375 1757 4438; x_wconf 90' lang='lat' dir='ltr'><strong>reli-</strong></span> 
     </span>
     <span class='ocr_line' id='line_1_45' title="bbox 361 4452 1758 4610; baseline 0.004 -8"><span class='ocrx_word' id='word_1_444' title='bbox 361 4452 1758 4610; x_wconf 46' lang='lat' dir='ltr'><strong>ittettlltltlllffl:affut.‘u‘tttltlltttutudit</strong></span> 
     </span>
     <span class='ocr_line' id='line_1_46' title="bbox 339 4559 1756 4716; baseline 0.004 -28"><span class='ocrx_word' id='word_1_445' title='bbox 339 4624 382 4688; x_wconf 92' lang='lat' dir='ltr'><strong>ob</strong></span> <span class='ocrx_word' id='word_1_446' title='bbox 412 4641 543 4688; x_wconf 83' lang='lat' dir='ltr'><strong>causam</strong></span> <span class='ocrx_word' id='word_1_447' title='bbox 571 4621 603 4686; x_wconf 91' lang='lat' dir='ltr'><strong>in</strong></span> <span class='ocrx_word' id='word_1_448' title='bbox 633 4559 686 4710; x_wconf 63' lang='lat' dir='ltr'><strong>hp.</strong></span> <span class='ocrx_word' id='word_1_449' title='bbox 706 4625 755 4704; x_wconf 91' lang='lat' dir='ltr'><strong>l.,</strong></span> <span class='ocrx_word' id='word_1_450' title='bbox 790 4561 1122 4714; x_wconf 57' lang='lat' dir='ltr'><strong>quhhphuidrphpae</strong></span> <span class='ocrx_word' id='word_1_451' title='bbox 1147 4625 1287 4691; x_wconf 83' lang='lat' dir='ltr'><strong>affictam</strong></span> <span class='ocrx_word' id='word_1_452' title='bbox 1314 4565 1485 4705; x_wconf 74' lang='lat' dir='ltr'><strong>hahemus,</strong></span> <span class='ocrx_word' id='word_1_453' title='bbox 1515 4627 1668 4716; x_wconf 85' lang='lat' dir='ltr'><strong>impostor</strong></span> <span class='ocrx_word' id='word_1_454' title='bbox 1690 4649 1756 4694; x_wconf 90' lang='lat' dir='ltr'><strong>reru</strong></span> 
     </span>
     <span class='ocr_line' id='line_1_47' title="bbox 337 4705 1899 4814; baseline 0.006 -42"><span class='ocrx_word' id='word_1_455' title='bbox 337 4705 556 4792; x_wconf 84' lang='lat' dir='ltr'><strong>dogmaticam</strong></span> <span class='ocrx_word' id='word_1_456' title='bbox 577 4717 700 4776; x_wconf 88' lang='lat' dir='ltr'><strong>tantum</strong></span> <span class='ocrx_word' id='word_1_457' title='bbox 720 4721 847 4780; x_wconf 74' lang='lat' dir='ltr'><strong>tractet</strong></span> <span class='ocrx_word' id='word_1_458' title='bbox 888 4707 1015 4778; x_wconf 78' lang='lat' dir='ltr'><strong>Eodem</strong></span> <span class='ocrx_word' id='word_1_459' title='bbox 1037 4709 1134 4778; x_wconf 91' lang='lat' dir='ltr'><strong>ruodo</strong></span> <span class='ocrx_word' id='word_1_460' title='bbox 1154 4710 1187 4776; x_wconf 88' lang='lat' dir='ltr'><strong>iu</strong></span> <span class='ocrx_word' id='word_1_461' title='bbox 1212 4717 1301 4799; x_wconf 70' lang='lat' dir='ltr'><strong>epe.</strong></span> <span class='ocrx_word' id='word_1_462' title='bbox 1316 4713 1477 4814; x_wconf 41' lang='lat' dir='ltr'><strong>..lgapeti</strong></span> <span class='ocrx_word' id='word_1_463' title='bbox 1495 4733 1548 4780; x_wconf 89' lang='lat' dir='ltr'><strong>res</strong></span> <span class='ocrx_word' id='word_1_464' title='bbox 1561 4734 1635 4780; x_wconf 83' lang='lat' dir='ltr'><strong>sose</strong></span> <span class='ocrx_word' id='word_1_465' title='bbox 1648 4713 1756 4792; x_wconf 82' lang='lat' dir='ltr'><strong>habet,</strong></span> <span class='ocrx_word' id='word_1_466' title='bbox 1797 4788 1801 4808; x_wconf 31' lang='grc' dir='ltr'>ἱ</span> <span class='ocrx_word' id='word_1_467' title='bbox 1895 4753 1899 4761; x_wconf 82' lang='lat'><em>·</em></span> 
     </span>
    </p>
   </div>
   <div class='ocr_carea' id='block_1_7' title="bbox 1259 4821 1281 4887">
    <p class='ocr_par' dir='ltr' id='par_1_18' title="bbox 1259 4821 1281 4887">
     <span class='ocr_line' id='line_1_48' title="bbox 1259 4821 1281 4887; baseline 0 0"><span class='ocrx_word' id='word_1_468' title='bbox 1259 4821 1281 4887; x_wconf 85' lang='lat'>4</span> 
     </span>
    </p>
   </div>
   <div class='ocr_carea' id='block_1_8' title="bbox 0 0 2258 5652">
    <p class='ocr_par' dir='ltr' id='par_1_19' title="bbox 0 0 2258 5652">
     <span class='ocr_line' id='line_1_49' title="bbox 0 0 2258 5652; baseline 0 0"><span class='ocrx_word' id='word_1_469' title='bbox 0 0 2258 5652; x_wconf 95' lang='lat' dir='ltr'><strong> </strong></span> 
     </span>
    </p>
   </div>
  </div>
 </body>
</html>
