4510 5658
1089 553 1561 694 ..ρ-..Π

491 763 612 836 'omnia
633 769 664 834 ia
687 789 742 847 ea,
776 789 870 854 quam
898 764 1049 831 Merlinus
1078 763 1195 852 publici
1217 764 1298 853 juris
1329 760 1405 830 lecit
1423 760 1475 846 4),
1508 761 1705 830 inveniantur
1733 763 1929 845 collectione,

506 855 611 922 multis
634 866 742 920 tamen
763 851 985 918 additamentis
1008 861 1102 916 aucta
1124 859 1382 934 cognoscuntur,
1412 847 1437 912 si
1465 869 1538 912 cum
1560 846 1686 914 duobus
1707 851 1930 936 antiquissimis

506 937 669 1004 codicibus
698 936 843 1023 (scriptis
874 933 1113 1019 asa—867.)‚
1153 956 1288 1020 quorum
1316 929 1561 1016 descriptionem
1593 932 1740 998 Ballerlnl
1769 947 1801 1001 et
1830 935 1929 1022 Spitt-

506 1022 592 1088 lerus
608 1010 640 1106 ⁵)
661 1021 752 1086 nobis
776 1019 1003 1095 exhibuerunt,
1025 1041 1063 1082 ea
1086 1017 1327 1105 comparaveris.
1362 1015 1497 1100 Singula
1520 1037 1595 1082 vero
1616 1017 1823 1096 documenta,
1845 1041 1929 1104 quae

506 1129 546 1173 ex
575 1106 703 1172 cilicina
724 1103 929 1184 Ps.-Isidori
957 1101 1159 1190 prodierunt,
1190 1102 1252 1166 hoc
1282 1101 1353 1166 loco
1376 1121 1580 1179 enumerare,
1610 1102 1740 1188 longum
1764 1103 1812 1167 rel
1833 1103 1928 1169 etiam

506 1191 700 1280 superfluum
724 1199 791 1267 est,
814 1189 932 1290 quippo
953 1210 1035 1272 quae
1056 1187 1137 1251 infra
1158 1187 1266 1270 (Part.
1277 1186 1302 1252 1.
1324 1207 1393 1270 cap.
1405 1183 1455 1268 3.)
1476 1185 1582 1250 omnia
1602 1186 1929 1274 deincepsinreuies3

355 1349 361 1362 ,
436 1294 446 1306 “
507 1287 540 1342 at
562 1274 655 1339 valde
676 1293 890 1339 necessarlum
911 1271 1007 1351 doni,
1030 1269 1072 1335 de
1091 1271 1148 1352 ils„
1171 1293 1254 1358 quae
1275 1269 1395 1334 dubiae
1417 1279 1491 1333 sunt
1510 1267 1605 1350 fidei,
1629 1293 1723 1356 quarn
1745 1272 1929 1338 brevissime

482 1361 614 1446 potui,
642 1359 710 1448 jam
732 1378 816 1422 nuno
840 1355 1007 1422 disserere.
1052 1355 1215 1442 Regulus,
1246 1354 1287 1421 ad
1320 1375 1399 1442 quas
1419 1351 1576 1442 judicium
1605 1371 1713 1422 meum
1742 1355 1803 1423 hac
1830 1357 1862 1422 in
1891 1378 1928 1422 re
1967 1407 1968 1410 ,

413 1495 417 1502 .
507 1444 697 1530 dirigerem,
727 1441 802 1507 mihi
823 1440 974 1528 proposui
996 1440 1071 1506 has:
1390 1461 1393 1468 ’

551 1555 587 1621 1ο
616 1552 747 1621 consule
767 1561 913 1637 tempora
928 1559 966 1616 et
986 1549 1149 1636 ingenium
1170 1547 1350 1636 scriptoris,
1379 1549 1430 1615 cui
1461 1547 1524 1616 hoo
1551 1547 1605 1616 rel
1619 1547 1695 1615 illud
1715 1549 1927 1632 adscribitur;

547 1666 587 1732 2⁰
617 1663 747 1731 consule
767 1661 999 1750 antitprissimos
1016 1659 1298 1727 Ps'.-Isidorianae
1318 1659 1510 1728 collectionis
1533 1660 1662 1729 codices
1678 1663 1927 1754 manuscriptos;

463 1803 465 1806 ·
547 1777 587 1843 3⁰
615 1775 746 1843 consule
767 1771 968 1840 collectiones
990 1793 1147 1838 canonum
1168 1769 1384 1840 Ps.-Isidoro
1406 1775 1617 1864 antiquiores:

547 1889 586 1957 4⁰
636 1887 700 1954 uod
732 1887 845 1952 falsum
874 1896 907 1952 et
938 1887 1184 1954 commentitium
1211 1861 1436 1974 reprehendis,
1468 1908 1620 1975 compara
1641 1909 1715 1954 cum
1736 1893 1925 1972 argumento

591 1911 742 2038 salsarum
764 1969 990 2048 decretalium,
1020 1981 1053 2035 et
1602 1977 1607 1982 '

546 2085 585 2149 5⁰
614 2081 701 2162 ride,
723 2103 798 2146 num
821 2103 865 2160 ex,
882 2081 937 2156 iis,
960 2081 1012 2168 qui
1033 2078 1242 2150 Pe-Isidoro
1258 2081 1365 2150 usitati
1382 2081 1528 2163 fuerunt,
1550 2081 1697 2151 haustum
1716 2082 1756 2151 sit
1778 2082 1925 2152 lontibus.

619 2210 681 2277 His
699 2207 819 2295 regulis
841 2207 930 2275 ducti

548 2323 585 2388 1⁰
613 2345 631 2388 a
653 2319 866 2388 Ps.-Isidoro
887 2341 950 2384 non
973 2319 1110 2385 conficta
1132 2341 1203 2387 esse
1224 2317 1374 2389 dicimus:
1481 2339 1485 2346 '

548 2457 577 2504 a.
608 2456 679 2498 eam
707 2443 830 2522 partem
857 2431 979 2518 primae
1008 2430 1179 2496 Clementis
1211 2431 1380 2518 epistolae,
1412 2455 1476 2520 qua
1503 2432 1572 2520 ipsa
1598 2430 1725 2517 incipit,
1758 2451 1861 2518 usque
1884 2427 1925 2495 ad

589 2519 687 2582 rerba
707 2515 945 2602 „Paenitemini
967 2515 1046 2596 eto.'’
1089 2516 1184 2580 Haec
1204 2517 1286 2583 enim
1309 2541 1400 2604 pars,
1422 2521 1468 2584 sic
1489 2516 1574 2584 dicta
1595 2515 1698 2617 prima
1718 2513 1926 2592 Clementiae,
1994 2569 2005 2584 .

536 2600 542 2610 ’
591 2625 629 2668 ea
651 2612 701 2667 est
722 2601 830 2688 spuria
852 2599 1002 2686 epistola,
1036 2621 1131 2686 quam
1160 2621 1243 2665 anno
1265 2602 1330 2666 442
1357 2614 1463 2689 patres
1494 2599 1618 2665 concilii
1642 2599 1789 2665 Vasensis
1811 2621 1880 2684 cap.
1894 2599 1926 2664 6.

463 2730 466 2743 ι
587 2685 757 2754 laudarunt
789 2705 936 2772 quaeque
965 2683 1050 2762 libris
1085 2685 1339 2769 recognitionum
1373 2685 1545 2752 Clementis
1577 2695 1728 2770 tanquam
1761 2683 1927 2748 exordium

589 2772 731 2838 serviens
747 2791 809 2834 uno
827 2791 899 2834 cum
915 2767 962 2833 his
980 2791 999 2832 a
1014 2767 1134 2832 Rufino
1147 2767 1180 2854 i)
1203 2791 1240 2833 ex
1257 2771 1391 2836 Graecis
1405 2769 1556 2838 translata
1575 2769 1688 2836 fuerat.
1720 2768 1925 2836 Constantius

480 2917 487 2926 ,
591 2855 725 2942 primum
747 2849 863 2920 Latine
885 2861 919 2919 et
939 2853 1068 2916 Graece
1089 2874 1160 2916 eam
1184 2851 1284 2922 edidit
1303 2855 1356 2942 ⁷);

549 2966 579 3032 b.
608 2987 758 3051 magnam
784 2962 928 3028 laciniam
953 2945 1115 3031 secundae
1141 2955 1325 3032 Clementis·
1343 2966 1513 3056 epistolae,
1545 2965 1665 3033 scilicet
1686 2957 1836 3034 ebin'itio
1857 2966 1925 3054 q'us
2048 3023 2051 3030 ⁴

576 3071 689 3136 arsque
712 3047 753 3114 ad
774 3049 881 3112 rerba·
900 3045 1071 3132 „Ideoque
1092 3047 1304 3196 tamlp'uvenes
1327 3075 1422 3137 qnam
1441 3053 1559 3118 senes”
1581 3085 1623 3100 ψ
1648 3053 1732 3116 etin
1755 3051 1818 3116 fine
1842 3051 1926 3140 ejus.»
2005 3076 2007 3085 ·

589 3133 662 3200 dem
685 3131 835 3222 epistolae
857 3132 954 3196 rerba
976 3131 1098 3197 haecce
1124 3181 1142 3208 „
1187 3135 1310 3216 iserge
1327 3137 1554 3216 beneperete¹’
1583 3147 1616 3202 et
1635 3157 1718 3217 quae
1740 3157 1776 3200 se
1800 3149 1925 3200 uantur.

566 3219 682 3291 ‚Quae
710 3215 837 3302 quidem
865 3213 986 3284 omnia,
1016 3211 1063 3274 sic
1091 3211 1176 3276 diota
1199 3213 1341 3276 secunda
1362 3214 1578 3288 Clementiae,
1596 3213 1665 3298 jam
1689 3227 1769 3280 ante·
1811 3217 1925 3284 a-lsi-

589 3295 891 3368 dorum¹Clementi
928 3293 1035 3358 atficta
1067 3307 1175 3373 erant,
1214 3316 1287 3362 nam
1318 3295 1349 3360 in
1380 3295 1493 3364 codice
1522 3295 1615 3360 coto.
1643 3295 1737 3362 3368.
1759 3297 1810 3380 Β),
1854 3301 1925 3367 Pffi.

587 3383 712 3452 Isidoro
735 3381 928 3467 onfiqulot'es
960 3378 1020 3442 tub
1047 3377 1137 3460 titulo
1166 3377 1338 3468 „Epistola
1359 3381 1394 3450 S.
1416 3380 1590 3455 Clementis
1613 3378 1656 3446 de
1677 3379 1794 3450 domiui
1816 3407 1924 3452 sacra·

586 3470 723 3538 mentis'’
746 3469 815 3558 jam
837 3460 1049 3552 leguntur9).
1179 3473 1183 3480 “
1659 3504 1662 3512 ,

508 3607 952 3630 Μ

554 3691 586 3760 4)
610 3692 635 3742 J.
654 3689 768 3742 lllerlinl·
783 3687 859 3740 Tom.
877 3687 951 3754 prlm.
970 3683 1016 3736 lv.
1035 3685 1202 3738 conciliorum
1220 3686 1393 3756 generalium,
1415 3685 1526 3742 Xthl.
1545 3689 1636 3742 concil.
1655 3689 1785 3754 provino,
1813 3688 1921 3744 deerett.

595 3760 883 3829 ,Lxlxrononcum
908 3757 940 3807 ab
958 3757 1091 3821 apostolis
1113 3773 1195 3823 usque
1220 3760 1253 3814 ad
1269 3759 1422 3814 Zachariam
1439 3759 1460 3814 1.
1485 3759 1585 3812 Isidoro
1603 3768 1718 3814 auctore.
1742 3762 1823 3816 Paris.
1842 3766 1923 3817 152³.

503 3861 509 3870 ·
615 3831 660 3883 fot.
679 3857 713 3869 -·-
751 3830 842 3880 Colon.
862 3829 944 3878 15³&
967 3827 1050 3902 Paria·
1069 3831 1148 3880 1535.
1166 3831 1192 3879 8.

553 3927 586 3996 h)
612 3927 679 3980 Ball.
698 3927 714 3979 l.
730 3943 753 3979 c.
778 3943 803 3993 p.
814 3909 862 3976 111.
889 3941 929 3991 cp.
941 3923 985 3976 Vl.
1009 3925 1034 3988 ς.
1045 3927 1072 3976 5.
1116 3925 1227 3978 Gallsad
1250 3925 1284 3979 T.
1295 3926 1318 3985 1.
1342 3931 1441 3998 pm·
1483 3895 1593 3998 Splttler
1610 3931 1667 3989 hc.
1693 3943 1719 3996 p.
1729 3933 1782 3982 221
1801 3941 1868 3998 serp.¹

553 4025 585 4092 6)
613 4025 646 4077 ef.
674 4023 774 4146 llum·
793 4021 927 4090 epistolam
959 4020 992 4074 ad
1026 4017 1202 4076 Gaudentium
1235 4025 1399 4080 Brixieusem
1429 4029 1578 4096 episcopum
1612 4027 1684 4082 libris
1716 4031 1921 4100 recognitionum

611 4111 674 4165 prae
693 4111 759 4148 ram.
1594 4125 1599 4140 ·

552 4195 584 4260 t)
609 4194 720 4315 131111ῥὲ0
737 4189 921 4245 celeberrimos
938 4187 1072 4259 Epistulae
1086 4191 1264 4249 Romanorum
1281 4197 1429 4266 pontificum
1448 4195 1509 4251 T.l.
1528 4154 1699 4253 Parial'lhl.
1714 4197 1758 4251 iol.
1778 4161 1919 4268 Apphddic.
2023 4267 2026 4278 Ι

635 4279 670 4314 o.
723 4279 761 4328 sq.
1377 4303 1384 4316 .

495 4345 503 4436 Δ,
534 4353 584 4430 a)
610 4359 643 4482 ili
657 4359 822 4482 llioastpptini
840 4357 947 4428 praelat.
967 4357 999 4412 ad
1018 4361 1112 4414 librum
1129 4321 1259 4416 laudatum
1279 4378 1305 4416 a.
1315 4367 1382 4421 101,
1394 4365 1449 4418 aive
1466 4322 1494 4418 in
1509 4365 1638 4420 Gallaudii
1656 4367 1757 4432 sylloge
1771 4357 1918 4418 commenta

582 4453 586 4460 .
639 4448 728 4498 ..p
777 4468 783 4481 .

552 4527 585 4596 a)
609 4527 714 4582 Fratres
740 4525 862 4578 Ballerini
893 4528 1002 4595 primum
1029 4543 1086 4582 eam
1115 4526 1251 4581 edidemnt
1276 4532 1303 4582 ia
1331 4530 1449 4601 Append.
1476 4531 1509 4585 ad
1536 4522 1633 4586 Leonis
1659 4529 1697 4583 11.
1723 4530 1791 4596 Opp.
1822 4527 1854 4582 T.
1870 4530 1918 4582 111.

613 4596 725 4738 pexa-r?
735 4595 840 4733 ‹iliez-pst
856 4595 980 4654 ananum
1004 4597 1069 4654 hauc
1093 4615 1196 4666 qnoque
1221 4603 1357 4670 epistolam
1379 4603 1506 4658 hantone
1530 4604 1655 4666 donasse,
1683 4605 1712 4652 nt
1735 4601 1801 4653 Ball.
1820 4601 1918 4666 velunt,
1979 4627 1993 4662 ,-
