4520 5650
1055 565 1108 584 ..
1158 520 1222 600 ω,
1266 563 1318 586 ..-

487 712 610 791 Ariani,
632 709 704 778 nulli
723 704 1093 810 Eutychisnlsqncruru
1115 706 1293 774 hunencus
1313 704 1914 858 titutionis'l’s.-Papnecppuguaut,

487 811 565 865 tunc
602 809 752 882 temporis
787 815 817 856 m
851 791 953 857 Gallia
987 803 1083 878 atque
1117 793 1291 858 Germania
1325 791 1485 870 latebant,
1527 792 1646 860 nedum
1681 815 1756 879 erge
1779 807 1841 863 aut.
1870 829 1915 846 -

452 889 454 896 '
487 881 652 950 Materiam
677 899 774 966 porro
803 876 972 954 moralem,
1002 875 1220 943 assentantis
1246 873 1439 942 fraudatoris
1464 898 1539 944 cum
1568 878 1683 955 ceteris
1711 879 1813 946 tribus
1835 901 1913 948 ωι-
1951 929 1955 950 .

483 967 644 1057 junctam,
681 973 837 1050 quatenus
867 983 940 1026 cum
967 957 1092 1029 duabus
1118 959 1186 1050 jam
1216 961 1342 1049 rejectis
1370 959 1541 1042 cohaeret,
1579 963 1709 1030 misaam
1737 963 1914 1047 ludamus:

449 1077 458 1111 .·
489 1053 600 1118 missas
632 1046 748 1112 deindo
781 1045 933 1112 laniamus
964 1067 1019 1111 eas
1049 1067 1160 1112 omnes
1191 1067 1229 1112 su
1253 1066 1288 1110 ra
1319 1042 1476 1112 indicatas
1507 1047 1700 1125 sententias,
1742 1069 1826 1134 quac
1856 1059 1915 1118 aut
2006 1119 2013 1126 ,
2131 1053 2135 1062 ’

488 1132 673 1223 'generalem
701 1131 857 1220 praebent
876 1119 1029 1208 sensum,
1061 1141 1132 1210 aut,
1166 1131 1210 1196 uti
1231 1069 1353 1216 longae
1381 1152 1401 1196 e
1427 1129 1586 1216 scriptura
1614 1151 1709 1198 sacra
1732 1131 1915 1222 descriptae

488 1231 614 1310 partes,
643 1231 707 1284 tam
735 1213 921 1304 multiplices
946 1215 1110 1281 continent
1135 1235 1205 1290 res,
1236 1225 1272 1280 ut
1299 1235 1395 1278 unum
1421 1225 1601 1282 etcertum
1626 1215 1787 1304 quandam
1811 1217 1915 1306 impo-

358 1322 364 1330 '
490 1305 585 1372 storis
606 1324 738 1390 scopum
763 1302 881 1365 frustra
899 1299 1058 1386 inquiras3
1084 1297 1194 1364 missus
1213 1319 1343 1384 quoque
1365 1298 1518 1364 iaciamus
1539 1300 1675 1386 prolixas
1694 1299 1761 1368 illas
1783 1325 1804 1366 e
1825 1301 1913 1368 lubria
2013 1306 2018 1314 '

489 1389 744 1474 recognitionum
774 1383 931 1451 deductas
960 1395 994 1450 et
1020 1383 1177 1450 Clementi
1206 1405 1225 1448 a
1257 1381 1442 1450 fraudatore
1468 1381 1543 1450 ideo
1571 1384 1748 1472 adscriptas
1773 1383 1913 1466 lacinias,

426 1477 432 1480 ’
489 1475 562 1562 quia
586 1475 682 1538 verba
711 1469 778 1558 ejus
807 1491 880 1535 esse
904 1469 1056 1556 putabat:
1084 1467 1214 1534 missum
1236 1466 1375 1554 denique
1399 1465 1552 1536 faciamus
1574 1469 1727 1558 quidquid
1757 1469 1914 1554 epistolae

491 1555 655 1648 secundae
685 1554 840 1620 Anastasii
861 1553 906 1632 l.,
930 1575 1007 1640 ,qua
1037 1551 1212 1618 Nerianum
1245 1551 1405 1653 quendam
1422 1549 1479 1628 ,de
1506 1569 1612 1622 morte
1664 1567 1807 1622 arentum
1840 1575 1914 1624 cnm

491 1641 594 1708 uerbis
615 1633 770 1729 Gregorii
794 1652 860 1703 tum
882 1638 948 1703 suis
971 1649 1068 1725 atque
1088 1635 1265 1702 innocentis
1286 1631 1485 1714 consulatui,
1514 1639 1562 1704 rel
1583 1577 1662 1742 quid
1685 1639 1739 1704 uld
1761 1639 1915 1742 epistolae
1976 1659 1986 1674 ¹

492 1725 654 1796 secundae
682 1725 799 1790 Felicis
828 1735 958 1812 quarta,
993 1721 1231 1792 exhortatoriae
1258 1721 1300 1788 nd
1329 1723 1500 1796 Sabinam,
1533 1725 1633 1792 sirnrle
1662 1663 1758 1790 inerit
1785 1723 1916 1792 rusenti-

393 1809 397 1816 ’
490 1826 612 1900 gutum.
634 1847 675 1859 —
719 1807 847 1873 Nihilne
870 1807 969 1893 igitur
996 1807 1114 1872 consilii
1141 1807 1173 1871 in
1200 1815 1268 1870 tota
1294 1805 1415 1895 rejecta
1437 1803 1543 1873 mole?
1587 1807 1689 1874 Nihil!
1733 1809 1916 1884 Quanam

490 1920 565 1962 vero
599 1894 641 1962 ad
671 1895 767 1958 finem
799 1891 923 1958 allatam
957 1891 1028 1958 visi
1088 1889 1146 1956 Vel
1174 1887 1379 1958 stultissimus
1410 1889 1545 1978 quisque
1576 1891 1744 1966 fraudator
1776 1893 1819 1960 de
1850 1915 1916 1960 uua
1987 1903 2003 1912 ”
2105 1969 2109 1976 ,

490 1981 667 2066 eademque
698 2001 751 2055 re,
789 1977 879 2064 quasi
908 1997 971 2042 uno
999 1987 1129 2054 tencre,
1165 1989 1294 2062 temper
1322 1999 1360 2042 se
1389 1997 1490 2124 spere
1516 1997 1580 2042 non
1610 1977 1732 2044 debere
1760 1977 1915 2065 intelliffl‘t,

476 2062 844 2153 ¹idquePs.·Isidorum
860 2061 943 2126 hene
963 2059 1164 2144 intellexisse,
1186 2081 1248 2124 non
1270 2070 1320 2126 cst
1336 2081 1400 2147 quo
1441 2057 1576 2128 dubites.
1618 2062 1774 2132 Profecto
1795 2063 1916 2151 epistu-

490 2151 591 2219 larum
621 2149 850 2234 genuinarum,
886 2145 1007 2212 Leonis
1038 2143 1224 2234 praesertim
1257 2154 1355 2231 atque
1384 2145 1554 2231 Gregorii,
1589 2165 1732 2214 normam
1759 2158 1916 2236 sequutus

490 2257 557 2302 rem
591 2231 828 2320 dogmaticam,
870 2230 1021 2296 moralem
1054 2240 1087 2299 et
1119 2227 1303 2294 familiarem
1335 2240 1453 2298 tractat
1486 2229 1590 2318 iisque
1619 2233 1766 2300 omnibus
1798 2231 1926 2300 callido·
2042 2299 2048 2306 .

490 2321 607 2396 utitur,
641 2339 725 2404 quac
754 2338 773 2380 a
800 2314 985 2404 Ps.·Papis
1012 2301 1155 2381 instituta
1179 2335 1252 2400 esse
1277 2311 1481 2391 serebantur:
1503 2314 1572 2404 jam
1594 2325 1693 2402 quum
1716 2317 1831 2385 nullam
1852 2315 1917 2384 rim

490 2404 668 2490 nullamque
695 2399 872 2466 efficaciam
900 2400 931 2463 in
960 2419 1068 2463 rerum
1094 2398 1245 2482 temporis
1269 2397 1319 2462 sui
1348 2397 1562 2466 conditionem
1585 2422 1718 2468 exerere
1744 2402 1916 2488 potuerint,
2010 2441 2013 2450 ·

489 2491 525 2555 iis
549 2489 694 2552 omnibus
716 2497 867 2572 tanquam
894 2481 1020 2562 medio,
1049 2503 1113 2570 quo
1135 2481 1178 2548 ad
1199 2503 1333 2570 scopum
1356 2505 1448 2548 suum
1473 2484 1670 2570 perveniret,
1700 2486 1846 2554 nimirum
1872 2483 1918 2552 ad

489 2573 587 2640 lidem
620 2569 778 2638 mercibus
814 2565 879 2634 suis
911 2565 1129 2644 afferendam,
1176 2587 1249 2632 curn
1284 2573 1375 2632 usum
1413 2567 1511 2634 luisse
1548 2569 1754 2638 statrrendum
1787 2583 1845 2640 est.
1873 2604 1918 2620 -

491 2659 616 2732 Quibus
644 2655 738 2721 dictis
768 2665 918 2742 apparet,
956 2652 989 2716 in
1018 2662 1135 2752 quarta
1163 2657 1304 2727 tantum,
1339 2672 1436 2738 supra
1462 2647 1565 2738 §.12
1594 2655 1750 2735 indicata,
1783 2655 1920 2724 materis
2019 2677 2027 2690 ·

491 2741 654 2810 consilium
685 2737 865 2826 impostoris
900 2758 998 2824 posse
1028 2733 1186 2820 indagari.
1249 2731 1442 2822 Ubicunque
1480 2733 1533 2800 hic
1566 2741 1664 2804 sorba
1696 2761 1735 2806 ex
1766 2761 1825 2807 ore
1856 2759 1916 2806 sno

490 2827 630 2917 proserta
664 2833 790 2910 semper
820 2821 888 2886 lere
918 2816 1049 2886 easdem
1078 2840 1150 2887 esse
1178 2813 1352 2884 contilenas
1380 2839 1571 2906 semperque
1597 2821 1684 2890 idem
1704 2833 1813 2912 ‚atqua
1839 2821 1916 2892 illud
1965 2859 1970 2864 ·

491 2909 702 2986 continentia,
732 2904 820 3012 quod
841 2906 961 2994 ipsein
984 2901 1182 2992 praelatione
1202 2923 1261 2968 sua
1281 2899 1374 2982 dicit,
1401 2900 1575 2970 invenimus
1585 2927 1606 2980 ε,
1631 2909 1845 2989 „Quatenuu
1873 2908 1917 2976 ibi

467 2993 469 3003 '
490 2997 607 3085 inquit,
638 2991 847 3060 ecclesiastici
868 2987 988 3059 ordinis
1010 2987 1174 3076 disciplina
1196 2987 1227 3052 in
1248 3009 1346 3058 unum
1368 3009 1388 3052 a
1410 2987 1502 3074 nqbis
1522 3001 1649 3059 casnm.
1663 2991 1761 3095 atqua
1779 2993 1917 3096 dipem

492 3095 526 3156 et
547 3106 589 3148 ss.
615 3075 775 3166 praesules
807 3077 945 3164 paternis
970 3073 1174 3152 iustimantur
1197 3067 1315 3158 regulis
1329 3116 1330 3119 =
1344 3071 1586 3158 etlobedicntes
1602 3075 1917 3152 ‚occbsroemrnistri

491 3165 539 3232 vel
569 3165 675 3267 populi
705 3159 919 3250 spiritualibus
948 3159 1132 3225 imbuantur
1158 3155 1310 3242 exemplis
1340 3168 1372 3236 et
1398 3179 1460 3240 non
1482 3157 1636 3226 mulorum
1660 3161 1821 3232 hominum
1843 3185 1923 3250 pm

492 3253 639 3318 sitatibus
664 3247 872 3334 decipiantur.
916 3243 1016 3330 Multi
1029 3241 1112 3309 enim
1133 3241 1290 3326 pjraattare
1311 3253 1344 3306 et
1358 3237 1541 3329 ¹cupiditate
1564 3243 1706 3330 depressi
1726 3259 1916 3316 scansam

492 3333 678 3406 sacerdotes
701 3353 744 3418 op
767 3338 945 3404 resserunt,
967 3325 1041 3390 ideo
1061 3323 1161 3390 sancti
1182 3321 1399 3412 pntrcsleges
1418 3327 1667 3407 constituerunt,
1715 3353 1771 3402 uus
1787 3344 1917 3402 sanctos

378 3409 380 3416 ’
493 3407 633 3502 canones
656 3353 863 3506 appellarunt.
907 3407 998 3475 Multi
1016 3407 1099 3477 enim
1122 3405 1199 3473 idco·
1215 3406 1291 3474 alios
1310 3423 1473 3490 accusant,
1495 3423 1531 3476 ut
1547 3433 1585 3478 sc
1628 3435 1663 3492 er
1679 3355 1748 3484 iiius
1765 3429 1938 3486 escmaut·

496 3515 552 3590 aut
583 3523 701 3587 eqrurq,
729 3497 819 3564 bonis
852 3488 1027 3562 ditentur.''
1081 3491 1157 3562 Nou
1190 3513 1271 3580 ergo
1303 3483 1403 3593 (lubin,
1443 3543 1455 3574 ,
1512 3495 1564 3578 qiu
1596 3436 1918 3573 iaeudaqfflom.

493 3587 648 3659 ecclesiae
677 3580 809 3675 ejusque
837 3579 993 3665 ministris.
1015 3577 1182 3671 consulere
1210 3576 1350 3660 voluerut
1402 3518 1476 3659 guo
1526 3593 1683 3668 quatenus
1708 3586 1738 3654 oi
1759 3585 1791 3654 in
1811 3588 1917 3658 anian

494 3659 652 3754 luerilet
681 3661 842 3756 quomodo
874 3662 1027 3766 temporis
1055 3663 1104 3728 sui
1133 3657 1273 3763 conditio
1303 3685 1376 3731 curn
1405 3663 1447 3732 ad
1476 3662 1510 3730 i'd
1539 3667 1746 3756 compulerit,
1784 3672 1917 3744 aliorum

493 3771 586 3829 antea
607 3754 791 3824 enuntiantis
818 3750 1001 3832 sententiis,
1029 3770 1103 3814 mox
1126 3743 1309 3814 udebrmus.

1044 3903 1403 4046 ψη·

530 4097 745 4187 Quaeritur,
774 4119 861 4164 nunt
890 4093 962 4163 viri
979 4078 1195 4242 verrr'rlrsstitqc
1223 4092 1368 4240 conpilio
1396 4091 1596 4182 impostoris
1622 4098 1761 4164 omnine
1791 4109 1883 4166 recte
1914 4157 1917 4164 r

1051 4228 1055 4237 .
1105 4200 1162 4245 so
1180 4197 1280 4245 aaran

432 4403 436 4408 ¹
608 4317 807 4393 Sententiam
829 4335 907 4382 sane
932 4309 1130 4463 sinqularum
1153 4311 1321 4379 novissime
1341 4311 1471 4404 protulit
1495 4313 1741 4402 Moetreraa1)
1766 4277 1920 4397 statuens,¹

497 4407 656 4501 omnium,
687 4425 771 4494 quae
801 4401 834 4466 in
865 4398 1077 4466 decretnibus
1106 4399 1346 4481 contineantur,
1373 4397 1451 4508 ¹nihil
1481 4419 1502 4466 a
1532 4399 1665 4508 consilio*
1693 4401 1735 4493 pii
1771 4403 1816 4492 (si
1845 4405 1918 4470 Deo
2036 4461 2040 4468 ,

420 4567 424 4576 ι
500 4545 948 4569 Μ

518 4677 525 4694 ,
550 4628 581 4695 l)
607 4627 625 4680 l.
643 4637 674 4688 c,
694 4626 822 4692 paphos
839 4639 898 4689 sqq.
934 4619 1003 4710 Vide
1020 4626 1256 4684 comment-,nasta
1274 4625 1370 4691 ,pin
1395 4627 1448 4677 ant.
1464 4627 1489 4675 7.
