4506 5662
939 626 1192 702 ...11-

335 813 340 818 '
385 847 400 870 r
439 815 533 892 Quae
552 835 651 904 quom
672 813 717 881 ita
732 771 809 895 'sint
827 821 963 904 tempus,
982 835 1051 964 pao
1069 809 1246 881 decretales
1267 811 1299 879 in
1320 813 1424 882 luceru
1444 815 1646 898 emerserint,
1668 828 1778 898 restat,

319 977 324 984 ,
355 909 390 967 ut
417 902 597 968 accuratius
628 899 805 966 definiatur.
857 900 979 975 Quema
1005 897 1135 965 modum
1164 898 1232 966 sere
1259 899 1364 966 omnia
1394 897 1471 966 licta
1498 913 1702 971 monomenta
1731 927 1780 982 ea,

266 1047 269 1054 .
355 1006 419 1074 qua
448 985 710 1072 divulgabantur,
740 995 863 1062 aetate,
901 985 1058 1050 fabricata
1085 987 1261 1051 noscuntur
1281 984 1335 1071 8),
1369 983 1412 1050 ita
1448 983 1625 1054 decretales
1653 1011 1782 1078 quoqne

240 1117 242 1122 -
355 1071 509 1172 epistolae
530 1093 570 1136 eo
601 1093 666 1158 quo
680 1073 893 1136 innotescere
916 1079 1092 1156 coeperunt
1120 1081 1265 1158 tempore
1286 1067 1521 1139 consarcinatus
1545 1093 1617 1138 esse
1643 1075 1707 1150 veri
1732 1087 1781 1144 est

355 1156 552 1225 simillimum.
596 1154 683 1232 Quid
710 1156 792 1220 enirn
821 1153 909 1222 aliud
937 1153 1137 1222 fraudatores
1171 1177 1244 1220 cum
1274 1153 1432 1220 mercibus
1462 1155 1527 1220 suis
1557 1153 1615 1221 sibi
1641 1158 1781 1236 voluere,

356 1263 454 1329 qaam
482 1252 518 1307 ut
546 1240 666 1306 animos
696 1239 867 1306 hominurn
892 1239 942 1306 sui
971 1239 1123 1326 temporis
1147 1237 1188 1306 ad
1211 1240 1274 1304 boc
1295 1237 1343 1304 rel
1363 1237 1437 1304 illud
1459 1243 1702 1326 permoverent?
1746 1244 1782 1310 Si

356 1346 441 1414 ergo·
463 1325 513 1390 illo
533 1325 620 1475 ipso,
649 1345 713 1426 quo
736 1323 910 1402 vixerunt,¹
926 1336 1072 1413 tempore
1098 1323 1215 1415 aliquid
1243 1325 1373 1390 efficere
1395 1323 1471 1411 ipsis
1492 1327 1690 1414 propositum
1713 1327 1781 1407 suit,

357 1433 455 1478 curae
478 1431 533 1476 cor
557 1411 630 1496 ique
651 1411 689 1476 irs
709 1433 781 1476 esse
802 1409 958 1490 debebat,
986 1421 1022 1478 ut
1046 1408 1213 1476 mendacia
1235 1409 1432 1496 conscripta
1456 1411 1515 1476 etsi
1537 1423 1648 1492 caute,
1674 1425 1781 1479 tamen

304 1539 308 1548 ·
357 1497 540 1574 confestim,
585 1507 801 1582 ropagarent3
833 1517 938 1584 neque
960 1495 1043 1562 enim
1068 1494 1219 1561 credibile
1229 1507 1305 1575 est,
1337 1517 1393 1560 cos
1413 1508 1654 1581 exspectaturos
1672 1496 1780 1577 luisse,
1869 1560 1885 1584 ,

357 1602 431 1647 num
454 1582 535 1730 torpe
558 1518 687 1647 ldrtuua
707 1581 777 1670 quis
799 1581 941 1670 ipsorum
962 1582 1112 1670 operibus
1136 1581 1275 1646 obscuro
1296 1579 1436 1668 quodam
1449 1579 1521 1645 loco
1536 1582 1646 1668 positis
1663 1603 1780 1650 usurus

356 1674 476 1732 esset·
519 1687 570 1730 am
605 1689 680 1731 vero
714 1689 811 1754 quum
845 1678 919 1734 ante
951 1665 1117 1734 Benedicti
1145 1665 1279 1734 Levitae
1307 1665 1531 1742 collectionem
1552 1665 1780 1754 capitularium,

355 1749 459 1816 multis
488 1749 574 1818 salsis
602 1752 761 1819 mercibus
792 1751 961 1832 refertam,
995 1751 1110 1816 nullam
1140 1751 1347 1817 decretalium
1378 1751 1569 1817 mentionem
1599 1753 1779 1829 invenerim,

275 1919 287 1926 -
354 1833 447 1924 hujus
468 1835 703 1924 interpolatoris
725 1849 832 1904 aetate
853 1859 908 1904 eas
930 1850 1023 1904 natas
1042 1857 1114 1902 esse
1136 1858 1262 1902 censeo.
1299 1834 1371 1902 Nec
1393 1857 1444 1900 me
1466 1835 1565 1930 sugit,
1590 1835 1704 1920 scisse,
1726 1841 1780 1925 qui

354 1912 500 1986 dicerent
514 1921 563 2004 9),
592 1935 666 1990 ante
686 1921 751 1988 836
773 1923 837 1988 illas
854 1923 921 2012 jam
946 1923 1101 1999 extitisse,
1124 1922 1243 2008 q'uippe
1265 1942 1344 2007 quas
1364 1919 1514 2009 Synodus
1533 1921 1680 2010 Aquisgr.
1703 1935 1779 1989 tunc

244 2039 249 2056 =
354 2003 516 2072 celebrata
537 2006 639 2094 cpll
663 2019 734 2080 c&
755 2007 931 2076 laudaverit
946 2007 1012 2092 1⁰);
1041 2005 1099 2076 sed
1124 2017 1235 2094 aperte
1257 2014 1373 2071 errant
1416 2005 1523 2082 Verba
1544 2007 1633 2088 istius
1657 2009 1781 2097 Synodi

353 2085 435 2156 haec
456 2099 546 2157 sunt:
579 2093 770 2172 „Statutum
801 2093 896 2162 etiam
927 2103 992 2168 est,
1024 2101 1061 2158 ut
1089 2087 1134 2155 vel
1167 2089 1265 2158 semel
1295 2090 1328 2154 in
1357 2110 1459 2169 anno,
1491 2089 1524 2154 id
1548 2092 1648 2158 estin
1695 2093 1780 2162 uinta
1864 2085 1869 2102 ’

355 2173 451 2255 seria,
472 2187 624 2263 quaeest
645 2177 677 2242 in
700 2201 801 2246 coena
826 2177 960 2258 domini,
987 2175 1095 2244 unedo
1118 2175 1219 2244 sancti
1242 2175 1322 2254 olei,
1351 2173 1383 2238 in
1428 2195 1468 2239 uo
1490 2116 1780 2248 salratic‘indrmo-
1807 2197 1810 2204 ⁴

353 2279 424 2326 rum
456 2261 611 2340 creditur,
642 2284 700 2350 pcr
729 2286 838 2330 omnes
864 2263 1006 2330 civitates
1026 2263 1067 2328 ab
1089 2260 1247 2348 episcopis
1268 2282 1331 2325 non
1354 2257 1437 2344 neg'
1466 2271 1554 2340 atur,
1585 2261 1668 2328 sicut
1695 2285 1780 2329 nunc

304 2373 313 2388 =
351 2364 456 2430 usque
487 2345 636 2434 neglectu
668 2359 734 2429 cst,
769 2347 827 2415 sed
859 2349 943 2414 omni
976 2345 1145 2412 devotione
1169 2346 1260 2436 juxta
1288 2342 1488 2411 traditionem
1511 2347 1717 2432 apostolicam
1739 2372 1797 2414 ac.

353 2440 472 2496 statuta
493 2428 708 2512 decretalium,
722 2433 762 2498 in
784 2431 955 2522 quibusda
972 2431 1085 2498 eadem
1106 2453 1144 2518 rc
1163 2431 1365 2518 praecipitur,
1384 2431 1587 2516 peragatur.”
1610 2431 1778 2506 Quaenam

280 2560 283 2566 -
351 2535 428 2578 vero
459 2528 533 2583 suxit
561 2517 643 2584 bace
671 2529 790 2586 statuta
818 2517 1046 2586 decretalium?
1089 2512 1175 2581 Num
1199 2517 1295 2580 verba
1316 2515 1538 2579 Ps-Fabiaui
1561 2517 1677 2604 ep.2pl
1717 2519 1778 2583 Mi-

351 2599 449 2665 nime!
485 2603 572 2668 Sane
594 2603 746 2689 epistolae
767 2604 959 2682 decretales,
982 2623 1115 2690 quarum
1138 2611 1255 2668 statuta
1271 2597 1420 2688 Synodus
1436 2597 1602 2686 praedicta
1616 2599 1776 2683 laudabat,

351 2685 496 2753 omnibus
520 2698 614 2753 notae
634 2711 705 2754 esse
727 2688 887 2756 debebant
908 2699 941 2756 et
962 2709 1022 2774 pro
1042 2685 1189 2774 genuinis
1206 2686 1352 2770 agnitae3
1376 2705 1434 2749 cur
1455 2695 1562 2750 autem
1584 2707 1625 2750 nc
1646 2689 1776 2754 verbum

348 2769 478 2918 puidam
501 2794 539 2838 ex
560 2772 608 2837 bis
631 2773 832 2840 Ps.-lsidori
854 2774 991 2839 decretis
1016 2771 1158 2848 citabat?
1186 2772 1275 2852 ‚Quia
1294 2769 1401 2835 adbuc
1423 2789 1577 2856 nusquam
1592 2791 1631 2836 ea
1647 2769 1776 2840 viderat.
1858 2773 1861 2784 '

381 2854 531 2935 alearias,
565 2857 619 2943 qui
648 2869 799 2924 statutum
822 2858 944 2946 Synodi
966 2855 1046 2933 tale,
1083 2854 1176 2940 quale
1203 2867 1268 2928 est,
1303 2854 1386 2918 nulla
1413 2855 1445 2917 in
1475 2851 1608 2942 epistola
1635 2855 1776 2922 invenire

344 2939 470 3025 potuit,
506 2940 589 3005 banc
620 2943 771 3028 optimam
803 2941 947 3028 fingendi
977 2938 1180 3009 occasionem
1209 2937 1343 3024 arripuit
1371 2935 1412 3002 ad
1444 2939 1631 3009 sententiam
1653 2942 1776 3029 synodi,

348 3045 445 3110 quarn
484 3023 577 3112 plane
607 3048 671 3092 non
705 3027 917 3108 intellexerat,
960 3021 1210 3092 confirmandam
1242 3035 1275 3089 et
1301 3023 1445 3088 Fabiano
1476 3021 1695 3111 effingendam
1718 3028 1776 3112 11).
1872 3017 1882 3032 ’

402 3249 434 3314 8)
449 3227 612 3368 'p'elutmem
646 3265 713 3314 quae
737 3250 786 3302 sub
811 3251 927 3316 Dionysii
952 3243 1143 3318 Areopagitae,
1180 3247 1321 3298 Clementis
1346 3251 1372 3296 et
1401 3245 1509 3296 aliorum
1537 3245 1650 3297 nomine·
1665 3233 1775 3298 circnm-

473 3331 536 3368 erun
567 3332 587 3368 r.

403 3405 435 3472 9)
459 3405 787 3530 Manpiesacrosanctornm
805 3407 972 3460 conciliorum
989 3421 1056 3462 nera
1074 3415 1102 3461 et
1116 3368 1276 3478 amplislirba
1293 3398 1413 3459 collectio
1432 3405 1465 3457 Τ.
1475 3403 1496 3457 1.
1522 3403 1651 3460 Blondell.
1670 3367 1788 3476 Proleg.¹

463 3493 504 3544 cp.
538 3493 539 3500 ¹
559 3513 565 3529 .
1463 3489 1467 3500 ·
1681 3503 1682 3508 1

310 3585 314 3592 '
386 3571 434 3642 10)
459 3571 546 3626 blansi
565 3571 603 3650 Τ.
620 3571 692 3628 xiv.

252 3700 255 3704 ·
357 3705 361 3714 ι
384 3673 433 3740 11)
460 3691 487 3742 p.
505 3677 567 3728 293.
591 3675 653 3725 294.
680 3673 706 3726 in
734 3671 796 3726 edit.
823 3672 962 3736 Btondelli.
987 3645 1095 3724 ,Pam
1124 3673 1157 3724 de
1185 3687 1283 3725 maone
1310 3673 1432 3740 aquisgr.
1460 3669 1574 3740 adjicere
1602 3669 1663 3724 mibi
1690 3674 1775 3726 beent.

463 3745 551 3800 Verba
576 3743 675 3809 synodi
700 3743 798 3809 „juxta
821 3745 984 3796 traditionem
1010 3741 1201 3810 apostolicam’'
1228 3745 1338 3810 primurn
1364 3743 1499 3796 reserenda
1524 3749 1583 3794 suut
1608 3743 1640 3794 ad
1667 3747 1776 3808 „unctio
1824 3785 1827 3794 ,

462 3817 545 3868 sancti
565 3817 631 3878 olei,
657 3817 683 3866 in
705 3831 756 3880 quo
778 3817 886 3868 salrab'o
905 3817 1061 3868 intirmortnn
1080 3814 1194 3883 creditur
1216 3815 1266 3880 (-
1286 3830 1337 3868 non
1355 3817 1502 3880 negligatur
1518 3813 1609 3879 —)’²;
1634 3830 1689 3866 mos
1708 3817 1775 3867 sirim

463 3893 585 3951 aegrotos
613 3887 683 3938 oleo·
700 3887 851 3952 unguendi,
887 3893 917 3941 ut
942 3887 1187 3950 convalescerent„
1207 3885 1343 3942 deducitur
1370 3902 1402 3938 ex
1428 3885 1519 3938 Jacob.
1535 3890 1568 3950 b,
1592 3887 1636 3936 24.
1663 3893 1690 3936 et
1716 3885 1774 3936 ideo
1817 3927 1827 3936 .

463 3957 568 4009 traditio
589 3959 734 4024 apostolica
753 3961 915 4020 nominatur,
940 3972 1033 4024 reapse
1051 3954 1100 4008 boc
1118 3973 1195 4012 aaran
1213 3956 1303 4010 eadem
1319 3957 1357 4008 ,de
1375 3955 1423 4010 bac
1442 3973 1471 4022 re
1488 3957 1621 4011 constbuit
1639 3957 1775 4008 concilium

453 4027 634 4080 ·Cabilonensc
651 4032 713 4080 81³.
737 4034 793 4081 cab.
810 4032 854 4082 te.
881 4029 985 4092 (Menai
1009 4027 1042 4078 T.
1054 4027 1127 4080 XlV.
1152 4029 1201 4080 col.
1216 4029 1294 4092 104.)
1319 4027 1359 4086 his
1384 4029 1482 4080 verbis:
1498 4025 1680 4091 .„Seounuum
1705 4026 1775 4078 beati
1886 4054 1894 4066 ι

347 4108 348 4117 ’
401 4131 420 4144 ..
462 4099 574 4164 apostoli
599 4097 690 4152 Jacobi
717 4099 900 4154 documentum
925 4099 1070 4162 caiatiam
1095 4097 1249 4152 documenta
1275 4103 1375 4165 patrum
1401 4103 1556 4160 consonant,
1592 4098 1684 4150 infirmi
1707 4099 1774 4160 oleo,

462 4169 532 4233 quod
554 4168 587 4220 ab
610 4171 738 4238 episcopis
761 4171 938 4235 benedicitur,
966 4185 982 4222 a
1006 4169 1165 4236 presbyteris
1189 4169 1269 4234 ungui
1294 4169 1397 4220 debent.
1433 4171 1479 4222 Sic
1499 4168 1621 4218 enimait
1644 4168 1775 4234 (lacobus

464 4239 480 4292 Ι.
504 4239 561 4304 c.)=
595 4239 742 4306 infirmatur
769 4245 826 4309 qais
854 4241 942 4306 vobis,
981 4239 1085 4294 inducat
1112 4240 1279 4308 presbyteros
1307 4239 1431 4290 ecciesiae
1457 4243 1484 4290 et
1508 4243 1585 4299 orent
1611 4251 1690 4305 super
1716 4255 1774 4291 eum

372 4319 377 4330 '
465 4317 609 4377 unguentes
630 4327 689 4363 eum
708 4313 766 4364 olco
779 4316 892 4369 nomine
917 4312 1012 4364 domini
1031 4318 1058 4362 et
1077 4313 1160 4364 oratio
1178 4311 1239 4363 fidel
1257 4311 1512 4373 ntivabttjuttrmum
1531 4316 1559 4360 et
1576 4309 1697 4362 allevabit
1715 4325 1775 4362 enm
1865 4333 1868 4344 κ

322 4433 335 4448 ,
464 4381 597 4445 dominus,
632 4388 659 4434 et
683 4383 705 4434 si
732 4384 900 4452 inpeccatis
926 4385 975 4448 ait,
1011 4381 1171 4442 dimittentur
1196 4383 1229 4436 ei·
1287 4381 1346 4434 Non
1374 4387 1413 4432 cst
1439 4381 1518 4445 igitur
1544 4381 1614 4447 parri
1630 4380 1774 4447 pendenda
1874 4439 1883 4454 ³
1990 4431 1996 4440 ,

361 4453 364 4458 “
431 4509 436 4516 ,
463 4449 610 4520 hujusmodi
635 4451 763 4506 medicina
788 4469 855 4525 qaae
881 4453 959 4508 animi
985 4455 1152 4521 corporisque
1177 4453 1296 4506 medetur
1321 4449 1519 4516 isrrguuribas.''
1546 4487 1547 4492 η
1569 4452 1609 4502 De
1631 4453 1774 4520 apostolica
1808 4512 1811 4516 ³
1921 4495 1927 4504 .
2101 4453 2107 4460 '

463 4524 601 4576 traditione
628 4523 676 4576 boc
700 4539 779 4576 seusu
807 4525 840 4576 ct.
861 4523 1023 4592 Tbeodnlpbi
1049 4525 1241 4586 Aurelianensis
1265 4523 1377 4574 libellum
1402 4523 1435 4576 dc
1460 4523 1530 4589 bapt.
1557 4537 1579 4574 c.
1593 4526 1634 4574 17.
1670 4522 1773 4586 „Quod

462 4609 542 4662 ergo,
566 4595 663 4660 inquit,
690 4595 849 4662 presbyteris
872 4595 1017 4662 baptizatos
1040 4589 1177 4651 cbrism'ate
1201 4609 1316 4660 unguere
1335 4593 1410 4658 licet,
1436 4593 1553 4660 spiritum
1576 4598 1691 4646 sanctum
1713 4607 1773 4643 rero
1884 4623 1889 4630 ·

463 4683 511 4733 per
527 4681 617 4718 manns
639 4666 829 4733 impositionem
853 4667 956 4718 tradere
975 4679 1025 4718 non
1051 4667 1125 4726 licet,
1150 4667 1269 4734 antiquus
1284 4665 1337 4716 iste
1355 4679 1411 4716 mos
1429 4665 1461 4715 ab
1481 4663 1612 4729 apostolis
1633 4662 1773 4725 tradltnr'',

462 4735 580 4814 nimirum
607 4741 665 4789 Art.
680 4741 712 4802 8,
726 4740 775 4802 it.
798 4741 839 4790 15.
867 4743 894 4790 et
917 4750 1008 4789 resera
1032 4737 1122 4800 lesse,
1156 4731 1294 4804 episcopua
1317 4734 1510 4800 ambianensis,
1535 4735 1568 4784 io
1594 4735 1704 4801 epistola
1727 4747 1774 4785 sua

1271 4830 1353 4903 22
