4506 5662
881 585 1496 701 w..--ra-.·W

475 791 561 860 Nam
582 794 680 862 rerha
701 791 823 862 concilii
846 791 961 882 „juxte
980 790 1183 862 traditionem
1204 791 1435 882 apostolicam”
1465 793 1511 862 itu
1538 795 1691 884 explicat,
1720 816 1761 862 ao
1787 797 1814 864 ai
1841 795 1900 862 do÷

474 879 577 946 miuus
607 892 716 946 noster
743 880 880 946 chrisma
910 879 1071 946 conficere
1095 881 1164 967 ipse
1194 878 1389 956 decreverit,
1424 881 1508 948 acsi
1528 881 1681 948 traditum
1703 882 1759 954 sit,
1789 883 1901 968 quovis

474 983 558 1030 auno
580 977 669 1032 retus
691 963 827 1030 chrisma
848 985 921 1040 esse
940 963 1226 1039 concremandum,
1238 987 1287 1030 rac
1307 965 1335 1030 si
1357 964 1442 1031 huno
1456 987 1577 1034 morem
1592 965 1727 1032 eeclesia
1743 967 1902 1045 Romana,

475 1049 689 1128 antiochena,
726 1047 1016 1136 Hierosolymitana
1046 1059 1080 1116 et
1105 1049 1270 1136 Ephesius
1295 1047 1371 1114 inde
1400 1072 1419 1114 a
1450 1053 1647 1138 temporibus
1677 1051 1900 1139 Apostolorum

388 1167 394 1182 ·
476 1133 731 1215 observaveriut3
752 1133 827 1222 quin
850 1127 1001 1222 Synodus
1023 1133 1288 1222 hquisgrauensis
1312 1134 1530 1202 hononorem
1552 1159 1592 1202 ac
1612 1137 1723 1204 mirum
1745 1139 1900 1206 nacario-

382 1267 385 1274 .
476 1239 546 1284 uem
571 1217 754 1286 describere
772 1241 836 1284 non
852 1220 1021 1286 omisisset
1074 1221 1151 1284 Huc
1172 1218 1274 1298 adde,
1308 1217 1395 1307 quud
1418 1219 1562 1288 falsarius
1580 1223 1613 1286 in
1633 1223 1697 1288 hoo
1717 1221 1789 1326 lorq
1812 1245 1900 1292 oom-

474 1302 624 1389 pouendo
646 1305 741 1371 etiam
763 1303 884 1370 Alcuini
904 1303 984 1368 libro
1006 1302 1048 1370 de
1070 1303 1180 1370 divinis
1202 1303 1316 1370 officiis
1335 1306 1541 1390 usiusit12).
1572 1307 1642 1374 lruo
1656 1306 1899 1376 Ps.-lsrdorum

475 1409 647 1538 qqqrsaqpq
668 1401 843 1540 qemqqqto
859 1389 1007 1540 8οοῐξιείίΙΙίο
1034 1389 1332 1540 ὴῐξιῐυεῑξῖιοῐᾞὲῗιοὶῐε
1358 1411 1442 1540 qqpne
1452 1391 1569 1540 Iqtaqqq
1596 1400 1679 1540 scruti
1697 1390 1899 1548 qiqutaqda,

475 1497 641 1645 misilsllll,
671 1496 759 1626 chol
775 1523 844 1626 nau.
860 1497 947 1626 Lyd?
968 1497 1315 1648 gdnlihlltlanlrensh
1336 1496 1378 1626 let
1407 1499 1899 1653 deinlllubjlcltlhanlllsayllridl
1925 1543 1931 1554 ⁸

415 1711 421 1718 ,
475 1641 530 1708 lv.
552 1644 612 1708 sub
635 1643 849 1734 Symmachoq
871 1643 954 1710 hae'o
976 1647 1073 1712 rerba
1094 1644 1207 1712 eadem
1228 1644 1311 1710 serie
1333 1643 1566 1712 Ps.·Isidorus
1587 1645 1759 1732 descripsit
1777 1661 1810 1716 et
1828 1649 1900 1716 Ps-
1924 1653 1932 1662 “

475 1727 608 1815 Synodo
624 1728 665 1793 11.
692 1731 753 1796 auh
777 1730 971 1818 Symmacho
999 1731 1140 1796 intexuit
1199 1731 1376 1816 Postquam
1406 1731 1487 1796 enirn
1520 1755 1660 1798 canones
1690 1733 1899 1819 Gangreuses

474 1813 733 1900 transscripserat
762 1817 858 1880 rerba
887 1815 1087 1903 Symmachi,
1125 1837 1188 1880 nou
1226 1837 1266 1881 ex
1299 1813 1423 1904 syuodo
1448 1815 1522 1898 lv.‚
1556 1817 1614 1884 sed
1640 1839 1679 1900 ex
1709 1817 1819 1884 concil.
1840 1821 1902 1908 tq.
1977 1857 1981 1862 ·

475 1897 590 1964 hausta
613 1896 737 1966 addidit
765 1911 798 1966 et
817 1899 1023 1989 interpolavit
1065 1899 1118 1966 Eri
1141 1899 1237 1966 rerba
1256 1899 1343 1986 ipsa:
1817 1930 1824 1944 ·

435 2019 441 2040 ¹
476 2010 504 2072 1.
535 2007 753 2097 SynoduslV.
776 2011 835 2076 sub
859 2011 1052 2100 Symmacho
1075 2013 1162 2082 c.3.:
1188 2001 1362 2101 „iniquum
1385 2000 1537 2089 cst‘enim
1560 2023 1593 2082 et
1611 2011 1771 2100 sacrilegii
1791 2011 1900 2092 instar,
2005 2023 2012 2038 ·

517 2104 569 2170 ut,
604 2115 688 2180 quae
718 2093 766 2158 vcl
789 2117 853 2183 pro
881 2096 984 2162 salute
1012 2097 1063 2182 ‘vel
1089 2121 1148 2188 pro
1175 2099 1287 2188 requie
1316 2097 1490 2164 animarum
1519 2121 1649 2165 suarum
1681 2099 1900 2186 unusquisque

519 2177 687 2243 venerabili
717 2178 872 2246 ecclesiae
900 2203 1077 2268 pauperum
1108 2205 1205 2250 causa
1234 2183 1432 2260 contulerit,
1452 2194 1509 2250 aut
1541 2195 1630 2251 certe
1650 2183 1704 2248 reli
1729 2183 1827 2262 uerit,
1859 2184 1900 2247 ah

518 2262 582 2342 his,
606 2285 686 2354 quos
707 2262 790 2330 haec
811 2265 946 2348 maxime
965 2288 1092 2334 serrare
1115 2280 1324 2356 convenerat,
1350 2266 1381 2331 in
1403 2267 1596 2338 alienitatem
1613 2206 1880 2335 translhrantur.”

475 2379 505 2442 2.
534 2377 611 2466 Syn.
626 2379 815 2465 Aquisgrnu.
836 2375 924 2442 llll.
948 2399 997 2464 cp.
1012 2379 1081 2444 26.:
1105 2377 1273 2468 „Iniquum
1291 2388 1341 2446 est
1358 2377 1442 2446 enim
1459 2389 1492 2446 et
1509 2380 1668 2466 sacrilegii
1688 2379 1796 2458 instar,
1818 2399 1901 2464 quae

394 2477 397 2485 ’
518 2483 576 2549 pro
608 2461 709 2530 salute
740 2461 786 2526 vel
816 2462 926 2548 requie
956 2463 1130 2530 animarum
1151 2487 1287 2530 ,suarum
1317 2464 1534 2552 unusquisque
1556 2463 1725 2536 ¹r'enerabili
1746 2462 1902 2532 ecclesiae

518 2569 695 2634 pauperum
718 2565 816 2624 causa
839 2547 1022 2626 contulerit,
1045 2561 1101 2616 aut
1120 2561 1208 2615 certe
1231 2547 1408 2636 reliquerit,
1430 2551 1558 2632 abhis,
1587 2547 1743 2640 aquibus
1765 2545 1902 2614 maxime

520 2633 667 2706 convenit
687 2631 822 2710 serrari,
856 2632 979 2712 auferri
997 2643 1031 2698 et
1049 2633 1087 2700 iu'
1103 2631 1189 2700 aliud
1213 2633 1387 2700 transferri.
1395 2634 1411 2658 ”

477 2743 507 2808 3.
535 2742 699 2832 Ps-Syn.
717 2714 771 2808 ill.
794 2743 853 2811 auh
876 2740 1087 2829 Symmacho:
1111 2743 1248 2830 „Valde
1264 2744 1404 2830 iniquum
1420 2763 1502 2892 erqo
1521 2753 1554 2810 et
1567 2743 1683 2832 ingens
1700 2744 1903 2834 sacrilegium

519 2840 584 2906 est,
619 2847 829 2914 quaecuuque
856 2827 905 2892 rel
932 2850 996 2916 pro¹
1018 2829 1161 2896 remedio
1190 2840 1397 2916 peccatorum
1427 2851 1467 2894 ve
1502 2851 1563 2914 pro
1592 2829 1693 2896 salute
1716 2830 1763 2896 rel
1792 2829 1903 2917 requie

519 2913 849 2981 numerumnunerum
877 2911 1093 3007 unusquisque
1122 2913 1291 2980 venerabili
1320 2913 1476 2980 ecclesiae
1506 2915 1690 2994 contulerit,
1727 2927 1782 2980 aut
1814 2927 1905 2982 certo

410 3071 413 3081 ¹
522 2995 577 3062 reli
600 2999 696 3078 uerit,
719 2998 761 3062 ab
786 2995 849 3072 his,
871 2997 985 3083 quibus
1007 2999 1089 3066 haec
1109 2999 1245 3066 maxime
1266 3000 1385 3066 serrari
1407 2999 1569 3078 convenit,
1591 3000 1624 3066 id
1644 3009 1694 3070 est
1711 2999 1901 3068 Christianis

406 3126 412 3134 -
522 3093 555 3149 et
615 3105 686 3148 eum
713 3081 898 3147 timentibus
930 3082 1108 3150 hominihus
1138 3096 1171 3152 et
1199 3105 1295 3172 super
1324 3083 1429 3153 omnia
1459 3106 1479 3150 a
1507 3085 1701 3175 principibus
1734 3095 1766 3151 et
1790 3083 1900 3172 primia

504 3167 705 3254 segionum,
734 3168 766 3232 iu
786 3165 870 3234 aliud
893 3169 1058 3234 transferri
1081 3167 1128 3234 rel
1150 3169 1324 3235 converti.”

590 3389 679 3456 (apud
703 3385 823 3442 Gellsud
854 3391 888 3445 T.
903 3387 976 3442 xiil.
1002 3383 1149 3440 bibliothec.
1175 3393 1280 3458 patrum
1308 3403 1335 3456 p.
1352 3387 1435 3455 40⁰.)
1451 3385 1534 3472 'inuno
1560 3387 1645 3440 locum
1670 3401 1703 3440 ex
1730 3386 1802 3440 Actis
1826 3388 1899 3440 citat.
1983 3410 2011 3420 -·

590 3460 691 3512 Deinde
708 3475 770 3512 veru
787 3461 865 3514 verba
890 3461 988 3525 „juxta
1006 3459 1171 3513 traditionem
1189 3461 1357 3528 apostolicam
1365 3460 1381 3484 ”
1406 3459 1540 3512 referenda
1559 3464 1619 3510 suut
1636 3457 1669 3510 ad
1691 3463 1743 3524 „ut
1761 3459 1802 3510 rel
1819 3461 1900 3510 semel

592 3531 617 3582 in
643 3539 744 3596 auno,'
760 3519 786 3583 id
811 3539 852 3584 est
875 3533 900 3584 iu
925 3531 1014 3598 quinta
1039 3531 1121 3594 laria,
1154 3547 1222 3598 quae
1247 3537 1287 3584 eat
1311 3532 1336 3582 iu
1362 3546 1444 3583 coeua
1469 3529 1564 3582 domini
1588 3555 1621 3568 -
1646 3545 1698 3584 non
1721 3528 1900 3596 negligatur.”
1940 3569 1947 3578 .

590 3599 682 3653 Talem
708 3603 775 3654 enim
799 3603 961 3654 traditionem
986 3608 1047 3652 tunc
1071 3601 1195 3669 temporis
1218 3603 1351 3667 extitisse,
1374 3595 1451 3654 docet
1468 3602 1591 3653 Alcuiuns
1615 3597 1743 3652 disserens
1761 3599 1794 3651 de
1818 3613 1900 3651 coena
1977 3654 1980 3662 ,

591 3672 686 3728 domiui
702 3663 738 3725 ‘iu
761 3674 826 3726 libro
852 3689 899 3726 suo
925 3673 957 3726 de
982 3672 1074 3724 divinis
1096 3671 1189 3724 officlia
1216 3671 1306 3740 (apud
1330 3673 1489 3740 Hittorpium
1514 3673 1530 3722 l.
1553 3687 1575 3722 c.
1601 3687 1626 3736 p.
1642 3671 1707 3736 ⁶5.)
1731 3668 1899 3722 hocmodos

589 3741 692 3808 „hodie
718 3745 783 3810 (acl.
808 3747 834 3796 in
859 3761 940 3796 coena
963 3741 1079 3808 domini)
1112 3743 1222 3795 chrisma
1246 3745 1381 3796 coniicitur
1404 3745 1444 3795 vel
1469 3739 1658 3796 consecraturi
1684 3747 1711 3791 et
1728 3740 1806 3808 paulo
1825 3746 1901 3806 poste

589 3821 645 3884 „et
663 3815 721 3866 ideo
741 3815 805 3866 teria
822 3816 911 3881 quinta
928 3815 1076 3884 coniicitur,
1101 3815 1161 3880 quia
1179 3817 1268 3881 quinta
1290 3822 1377 3867 aetate
1394 3813 1480 3866 mundi
1499 3809 1617 3864 Christus
1635 3810 1667 3860 ad
1686 3825 1733 3862 uos
1750 3811 1900 3877 pervenisse

591 3883 766 3952 perlribetur.”
802 3887 835 3936 cl,
851 3887 895 3937 lib.
908 3886 1013 3952 pontit,
1031 3883 1076 3934 ubi
1093 3886 1119 3936 in
1133 3885 1260 3949 sylvestri
1275 3889 1328 3938 rita
1344 3887 1446 3948 dicitur,
1463 3882 1573 3935 chrisma
1589 3881 1677 3947 quinta
1693 3881 1758 3932 teria
1773 3881 1799 3932 iu
1818 3895 1901 3933 coena

591 3955 693 4008 Domini
722 3956 813 4032 couficy
837 3957 940 4012 debere.
992 3955 1079 4007 Verba
1105 3955 1216 4022 denique
1248 3956 1347 4022 „jum
1372 3961 1469 4008 statuta
1495 3949 1685 4004 decretalium
1716 3958 1836 4020 spectant
1866 3952 1900 4004 ad

591 4025 797 4078 benedictionem
821 4033 847 4079 et
868 4027 1057 4080 coniectionem
1081 4027 1147 4091 olei,
1175 4041 1227 4079 uon
1252 4028 1286 4079 ad
1309 4028 1456 4080 unctionem
1475 4025 1650 4088 intimorum,
1679 4019 1744 4074 haec
1762 4024 1830 4075 enim
1849 4033 1900 4075 nou

592 4096 626 4147 ad
645 4097 798 4164 episcopos,
821 4099 868 4150 sed
887 4099 920 4150 ad
939 4097 1104 4166 presbyteros
1121 4099 1275 4165 pertinebat.
1318 4097 1436 4150 Laudato
1453 4096 1533 4160 igitur
1550 4099 1648 4144 statuta
1665 4092 1832 4146 decretalium
1852 4091 1901 4145 hoc

591 4182 669 4219 seusu
693 4183 744 4219 uon
767 4169 792 4220 in
815 4167 886 4226 falsis
904 4168 1093 4233 decretalibus,
1118 4169 1212 4222 sedin
1237 4170 1369 4236 genuinis,
1396 4168 1513 4218 nimirum
1539 4165 1565 4216 iu
1584 4163 1725 4216 Innocentii
1745 4165 1764 4216 l.
1789 4165 1901 4231 epistola

592 4237 625 4289 ad
643 4239 797 4292 Decentium
816 4239 981 4306 Eugulrinum
1006 4239 1173 4304 legebantur,
1202 4247 1229 4292 et
1248 4241 1306 4291 lriuc
1324 4239 1424 4303 evenit,
1448 4243 1477 4288 ut
1499 4235 1613 4300 synodus
1634 4235 1679 4286 illa
1697 4235 1816 4298 decreta,
1843 4241 1900 4286 tau-

591 4323 668 4374 quam
693 4311 811 4362 omnibus
838 4319 917 4376 uota,
951 4313 1032 4363 citare
1060 4311 1180 4375 potuerit.
1199 4339 1234 4350 -
1261 4311 1404 4361 Concilium
1429 4307 1564 4359 hleldenae
1589 4321 1657 4356 anuo
1681 4309 1733 4374 tito
1759 4304 1900 4356 aecuaduiu

592 4378 656 4430 hauc
675 4382 795 4447 Aqnisgr.
813 4382 904 4446 synodi
929 4383 1081 4432 sententiam
1105 4381 1195 4432 statarit
1219 4397 1275 4432 cau.
1288 4383 1347 4432 tu:
1372 4385 1425 4443 „ut
1443 4393 1520 4430 uenio
1538 4370 1638 4429 lacrum
1660 4373 1783 4438 chrisma,
1808 4375 1856 4424 nisi
1874 4374 1900 4442 iu

591 4451 680 4514 quinta
704 4451 766 4504 teria
785 4453 891 4518 majoris
914 4453 1087 4518 septimanae,
1115 4451 1142 4501 id
1160 4457 1201 4502 est
1218 4453 1244 4503 iu
1267 4465 1347 4506 coena
1366 4449 1478 4516 domiui,
1507 4463 1574 4516 quae
1592 4445 1739 4516 specialiter
1755 4445 1901 4512 appellatur

591 4519 731 4586 dominica,
754 4525 881 4576 conficere
901 4518 1080 4592 praesumat.”
1117 4569 1123 4586 ,

516 4617 564 4682 12)
589 4617 665 4686 Apud
687 4617 847 4686 Hittorpium
867 4619 883 4670 l.
900 4635 922 4670 c.
947 4636 972 4686 p.
982 4621 1025 4670 55.
1063 4615 1095 4668 oi.
1114 4616 1145 4670 P.
1156 4617 1177 4670 l.
1197 4599 1334 4680 comment.
1352 4625 1456 4674 nostrae
1480 4634 1520 4688 cp.
1535 4619 1560 4668 ³.

514 4717 563 4786 1³)
587 4717 659 4774 libr.
674 4717 721 4772 111.
746 4718 843 4784 opud.
878 4714 964 4766 Menai
989 4713 1020 4767 Τ.
1035 4713 1106 4784 XlV.
