4510 5658
1095 618 1355 702 ...3.-

552 809 638 874 libro'
660 805 830 894 pontificali
858 803 1037 892 legitnr⁶).
1086 805 1280 878 Hincmarus
1308 810 1447 902 denique
1475 813 1644 888 Remensis
1658 816 1693 904 ⁷)
1710 819 1781 884 suh
1811 801 1936 886 nomine

555 905 720 980 gestorum
758 891 945 978 pontificum
971 912 1044 956 eum
1079 891 1176 974 citat;
1213 895 1279 974 „ln
1314 896 1394 964 libro
1428 903 1524 980 vero,
1557 900 1678 988 inquit,
1712 903 1765 990 qui
1794 903 1937 970 titulatur
2021 939 2024 946 ·
2106 913 2110 928 '

618 989 721 1044 torum
744 977 946 1063 pontificum,
980 975 1133 1062 legimus,
1146 985 1152 990 ’
1165 979 1368 1048 constituisse
1389 983 1517 1058 heatrrm
1544 983 1756 1074 Sylrestrnm,
1786 999 1822 1053 ut
1842 1009 1936 1053 nemo

504 1083 509 1104 ⁸
570 1063 655 1129 nicus
675 1061 790 1127 clerico
804 1063 924 1126 crlmen
943 1060 1062 1126 audeat
1076 1061 1238 1140 iulerre;''
1259 1065 1346 1130 hseo'
1360 1089 1435 1132 vero
1457 1068 1489 1132 in
1510 1069 1642 1136 Damasi
1662 1069 1743 1136 libro
1766 1071 1938 1157 pontificali

543 1145 598 1238 *ad
633 1149 764 1224 uerbum
793 1146 941 1212 invenies.
969 1181 1012 1194 ·-
1054 1146 1160 1212 Porro
1188 1148 1214 1212 si
1243 1149 1424 1217 'I'heinerus
1440 1199 1444 1210 .
1460 1153 1510 1240 (p.
1528 1155 1600 1238 74.)
1628 1155 1800 1221 exclamstt
1828 1156 1938 1234 „Mira
2007 1145 2016 1160 “

496 1249 500 1256 ·
556 1232 777 1318 antiquitatum
806 1231 1109 1310 ecclesiasticarum,
1144 1232 1262 1300 rituum
1294 1236 1456 1324 totiusque
1488 1235 1672 1324 disciplinae
1704 1237 1938 1306 ecclesiasticae

441 1387 444 1404 Ι
547 1317 699 1408 ‘cognitio
720 1317 752 1381 in
774 1313 984 1381 decretalibus
1006 1317 1258 1404 reprehenditur,
1282 1341 1365 1408 quae
1386 1319 1470 1385 nullo
1492 1319 1588 1387 modo
1611 1325 1782 1391 obscurum
1802 1323 1938 1410 aliquem

557 1404 754 1467 Germanum
785 1422 895 1466 eonrm
930 1410 1093 1468 auctorem
1126 1404 1287 1488 prohet;’'
1324 1405 1406 1470 sciat
1439 1403 1523 1471 hano
1550 1407 1662 1474 ιιιίιιιιι
1689 1429 1798 1474 earum
1830 1429 1939 1488 rerum
2051 1465 2055 1473 .

560 1485 777 1573 cognitionem
814 1505 853 1550 ex
881 1486 951 1572 ipso
983 1485 1071 1567 fonte
1104 1485 1247 1576 impuro,
1287 1489 1368 1554 libro
1396 1488 1516 1557 scilicet
1543 1492 1729 1578 pontificali,
1766 1489 1939 1572 deductam

491 1600 493 1608 ·
559 1593 649 1649 esse,
680 1593 720 1638 er
750 1591 813 1656 quo
844 1569 938 1636 etiam
966 1571 1139 1636 obscurum
1161 1570 1321 1658 quendam
1341 1573 1499 1640 hominem
1520 1575 1588 1644 sine
1609 1597 1729 1664 magno
1749 1575 1860 1642 labore
1881 1573 1938 1641 de-
2026 1649 2029 1654 ,

559 1655 701 1722 scribere
722 1653 883 1752 potuisse,
911 1653 980 1741 quis
1003 1655 1126 1741 estqui
1148 1655 1271 1744 neget?
1837 1695 1840 1704 =

601 1759 771 1846 Perpauca
787 1777 865 1822 sane
881 1777 920 1821 ex
936 1755 1053 1822 Missali
1067 1755 1099 1844 ⁸)
1117 1759 1264 1826 Romano
1278 1761 1344 1830 sire
1358 1761 1614 1830 sacramentario
1627 1761 1778 1847 Gregorii
1795 1761 1940 1830 hausisse

561 1842 685 1909 ridetur
721 1843 891 1929 impostor,
933 1839 991 1930 sed
1021 1841 1085 1906 hoc
1116 1843 1266 1912 historiae
1300 1846 1535 1915 ecclesiasticae
1588 1847 1657 1912 nari
1685 1868 1748 1910 uon
1776 1846 1939 1926 mirantur,

582 1928 677 2014 uippe
706 1947 779 1992 cum
809 1925 841 1989 in
871 1925 1222 2017 Germano-Francia,
1252 1933 1306 1997 uhi
1327 1931 1393 2020 jem
1415 1931 1550 1998 Carolus
1608 1951 1710 2017 agnus
1734 1930 1776 1996 nd
1797 1949 1952 1996 normam*

595 2032 728 2078 omenes
748 2031 764 2074 r
811 2009 841 2072 ni
861 2008 910 2074 sui
932 2008 1082 2076 ecclesias
1102 2013 1267 2081 instituere
1288 2017 1455 2084 studuerat
1471 2017 1521 2100 ⁹),
1551 2027 1697 2103 tempore
1716 2013 1874 2082 Ludovici
1896 2015 1940 2102 pii

560 2105 595 2162 et
617 2093 768 2180 deinceps
789 2091 865 2157 rlud
886 2091 1020 2240 puisque
1040 2095 1099 2162 sibi
1122 2118 1310 2186 comparare
1331 2102 1505 2188 potuisset;
1538 2101 1613 2188 quin
1642 2100 1713 2187 ipso
1740 2113 1889 2187 tempore¹
1907 2109 1942 2164 et
1981 2106 1984 2114 ’

558 2177 591 2244 in
620 2179 778 2244 vicinitate
799 2177 877 2244 Ps.-
903 2175 1001 2244 sidori
1028 2179 1102 2245 illud
1126 2195 1236 2250 notum
1265 2183 1380 2268 luisse,
1414 2185 1511 2252 docet
1538 2184 1672 2273 epistola
1702 2183 1868 2271 (Jallonis)
1898 2182 1941 2250 ad

561 2265 742 2352 Otgarum,
766 2263 874 2328 arohie
897 2263 1039 2350 iscopnm
1061 2265 1286 2353 Moguntinum
1303 2272 1367 2356 ¹⁰):
1396 2269 1541 2350 „Mittite
1563 2266 1651 2348 mihi,¹
1670 2269 1778 2355 iuquit,
1805 2267 1847 2334 de
1869 2289 1941 2356 per-

561 2370 701 2498 ἓιιιιεηο
732 2349 857 2412 honos
908 2369 1005 2414 unum
1026 2349 1243 2421 lectionarium
1266 2353 1529 2444 perscribendum
1550 2366 1583 2422 et
1603 2351 1646 2420 ad
1666 2351 1763 2419 unuin
1785 2353 1942 2423 missalem
2000 2429 2004 2440 ¹

597 2433 817 2520 regorianum,
852 2451 963 2540 quem,
993 2434 1019 2498 si
1047 2457 1104 2522 per
1132 2451 1271 2508 vestrum
1300 2439 1491 2532 adjutorium
1519 2439 1706 2528 perfecero,
1736 2437 1813 2504 dum
1835 2437 1941 2506 vixero

557 2539 688 2604 semper
709 2538 832 2582 memor
853 2518 944 2582 ero.’

519 2629 558 2696 20
586 2629 769 2697 'l'heinerus
806 2627 899 2710 dicit,
933 2629 1096 2696 consilium
1129 2631 1308 2718 impostoris
1343 2633 1433 2702 aliter
1464 2617 1625 2720 explicari
1646 2655 1710 2701 non
1737 2623 1852 2723 posse,
1883 2633 1941 2700 uisi

479 2781 503 2797 „
563 2715 728 2802 quiscum
749 2713 878 2780 Romae
897 2715 1064 2865 scripsisse
1086 2716 1260 2798 concedet,
1277 2711 1462 2788 ‘sethani
1489 2719 1669 2806 opinionem
1696 2719 1823 2784 missam
1844 2715 1942 2784 lacia-

562 2821 648 2902 mus‚
681 2799 755 2900 quia
778 2811 876 2900 parte
897 2799 939 2864 Π.
989 2799 1061 2887 ujus
1093 2803 1366 2894 commentationis
1397 2801 1439 2869 de
1473 2803 1603 2895 consilio
1632 2803 1813 2905 impostoris
1846 2801 1945 2870 frssius

562 2887 653 2950 nobrs
676 2895 735 2950 errt
756 2881 989 2973 disputandum.
1513 2911 1517 2920 ·
1546 2895 1550 2911 ¹
1931 2913 1934 2920 .

557 3047 559 3059 .
605 2987 676 3054 Nos
698 2997 827 3066 contra,
850 2985 975 3054 duabus
998 2988 1193 3076 potissimum
1215 3012 1254 3056 er
1276 2991 1397 3072 causis,
1429 2987 1667 3074 contendimus,
1693 2988 1786 3058 istam
1806 2988 1839 3054 in
1861 2986 1944 3053 Ger-

562 3071 826 3142 mano-Francia
847 3094 919 3138 esse
942 3073 1126 3142 fabricatam
1147 3074 1383 3144 collectionem:

399 2853 405 2868 l
465 2854 479 2894 s

525 3219 967 3242 *um-m

574 3297 606 3364 8)
631 3295 708 3348 Tom.
723 3260 770 3346 l'l.
795 3309 855 3360 opp.
881 3309 906 3360 p.
924 3293 985 3343 192.
1011 3290 1052 3342 ed.
1077 3289 1167 3341 Golon.
1193 3290 1283 3357 Agrip.
1309 3261 1387 3342 less.
1430 3289 1464 3342 ei.
1489 3289 1541 3342 sits
1564 3288 1643 3354 Lini,
1677 3287 1762 3354 creti,
1795 3247 1946 3356 Clementis,

526 3415 530 3422 .
635 3365 706 3432 opud
723 3359 893 3428 Rhahsnum,
918 3361 963 3414 ubi
980 3363 1074 3414 librum
1093 3359 1176 3428 ponti.
1193 3363 1272 3414 etism
1289 3367 1365 3427 gesta
1385 3361 1542 3427 pontilicslis
1559 3361 1681 3414 nominet.
1705 3409 1710 3416 ,
1790 3400 1797 3412 ,
1875 3377 1878 3384 ·

576 3463 608 3529 i)
634 3461 741 3530 Oposel.
757 3449 801 3514 [18.
826 3473 851 3509 ιι.
865 3461 909 3510 iil.
937 3476 962 3526 p.
979 3443 1040 3509 194.
1068 3455 1100 3508 Τ.
1114 3455 1149 3508 ll.
1174 3453 1361 3510 ·Sclrelstrsten
1386 3457 1455 3525 spud
1480 3455 1652 3509 Muratorium
1678 3454 1711 3507 T.
1722 3454 1770 3508 111.
1797 3442 1882 3525 psls.
1902 3461 1943 3510 19.

636 3533 773 3584 interum
796 3527 960 3579 Italicorum
983 3525 1160 3596 scriptoribus
1188 3527 1281 3579 librum
1307 3528 1479 3596 pontificalem
1506 3527 1576 3595 apud
1603 3527 1770 3579 Hincmsrum
1796 3527 1845 3578 sub
1869 3529 1946 3582 titulo
1981 3573 1986 3594 ,

637 3603 697 3656 libri
727 3599 880 3672 episcopalis
914 3599 1031 3664 (seilicet
1061 3600 1087 3650 in
1117 3597 1225 3664 epistole
1258 3598 1291 3650 sd
1323 3599 1459 3652 Nicolaum
1483 3601 1526 3650 27.
1559 3613 1584 3650 n.
1600 3599 1663 3664 26.)
1696 3610 1833 3649 occanere
1863 3603 1946 3666 putat,

637 3673 684 3726 sed
709 3679 793 3736 ιιι-εις
819 3685 878 3722 nam
902 3670 995 3721 lihmm
1019 3668 1191 3736 pontificalem
1214 3669 1283 3736 apud
1301 3669 1468 3722 lliacmarum
1492 3675 1519 3720 et
1536 3667 1690 3720 Rhshanum
1712 3667 1780 3720 idem
1806 3671 1863 3719 esse
1887 3681 1946 3719 cnm
2040 3668 2047 3678 '

637 3743 719 3810 gestis
744 3741 893 3810 pontificum
916 3740 1160 3804 demonstmvimus3
1188 3739 1255 3792 liber
1278 3755 1340 3792 vero
1365 3737 1519 3808 'episcopalis
1543 3738 1630 3790 forsan
1653 3737 1722 3790 idem
1746 3743 1787 3789 est
1810 3753 1842 3788 so
1861 3737 1946 3790 codex
2052 3785 2061 3796 ,

639 3815 793 3882 episcopalis
817 3809 867 3875 (de
891 3825 942 3875 quo
968 3810 994 3861 in
1020 3809 1109 3862 eadem
1134 3811 1259 3877 epistola)
1284 3817 1312 3862 et
1334 3819 1409 3876 geste
1430 3812 1624 3879 episcopcrum,
1653 3815 1680 3860 et
1703 3807 1771 3875 apud
1793 3805 1946 3882 Bhahattum

638 3885 760 3936 Maurum
786 3880 837 3942 (de
863 3881 1015 3934 clericorem
1039 3881 1200 3934 institutione
1225 3889 1253 3934 et
1276 3882 1436 3934 caerimoniis
1463 3881 1590 3934 ecclesiae
1620 3879 1679 3932 Lib.
1697 3882 1722 3932 it
1749 3895 1791 3946 cp.
1806 3881 1851 3932 88.
1879 3895 1904 3945 p.
1919 3881 1945 3929 9.

638 3955 671 4006 Τ.
687 3954 749 4018 Vl.)
777 3957 852 4019 gesta
874 3958 983 4018 pstrmu.
1007 3977 1044 4020 ··.·
1087 3951 1208 4002 Ceterum
1238 3967 1272 4004 ex
1300 3953 1366 4004 lihro
1383 3952 1534 4020 pontificali
1560 3950 1697 4017 descripsit
1715 3949 1832 4010 ‚Carolus
1855 3947 1893 3998 Μ.
1919 3949 1946 4000 ia
2050 4004 2057 4015 ,

640 4025 749 4094 epistola
773 4039 821 4074 sue
843 4021 876 4073 sd
894 4023 1029 4074 Alcuinum
1053 4021 1122 4088 apud
1141 4021 1301 4090 Hittorpium
1325 4021 1383 4088 „ds
1406 4023 1497 4076 divinis
1522 4019 1664 4074 sumptiose
1683 4021 1807 4074 ecclesiae
1826 4017 1953 4076 ,ciliciis'l

564 4095 588 4120 “
639 4097 731 4148 Gelon.
758 4095 836 4144 1868.
865 4109 890 4159 p.
907 4095 949 4144 99.
972 4097 1032 4144 loo.
1059 4091 1139 4159 (post
1160 4093 1263 4146 Alcuini
1287 4093 1332 4146 lib.
1357 4093 1390 4145 de
1417 4091 1468 4145 div.
1492 4092 1575 4155 off.);
1608 4107 1733 4160 persaepe
1761 4107 1793 4144 eo
1817 4105 1880 4141 usus
1905 4094 1946 4140 est
2033 4125 2036 4130 A

636 4167 781 4220 Amslsrius
799 4163 936 4230 episcopus
953 4163 1128 4228 Trevireosis,
1155 4165 1258 4216 Alcuini
1275 4164 1430 4229 discipulus,
1458 4163 1484 4214 ia
1505 4163 1594 4215 libello
1612 4162 1646 4216 ds
1664 4161 1840 4216 ecclesiastico
1859 4159 1946 4212 officio

639 4237 707 4305 apud
726 4235 884 4302 Hittorpium
903 4236 920 4285 l.
936 4249 958 4286 o.
976 4235 1089 4302 exempli
1106 4236 1198 4298 gratis¹
1214 4237 1231 4286 1.
1244 4235 1264 4287 l.
1290 4249 1312 4288 c.
1327 4237 1371 4286 et.
1394 4235 1411 4286 l.
1425 4233 1472 4286 111.
1496 4249 1519 4288 c.
1530 4235 1557 4286 8.

469 4309 472 4324 ¹
544 4373 550 4378 .
579 4325 612 4391 8)
636 4325 736 4377 Forssn
754 4329 857 4390 quoque
875 4339 908 4376 ex
926 4325 1016 4376 ordine
1034 4325 1162 4377 Romano.
1198 4323 1232 4378 ci.
1251 4325 1282 4377 P.
1291 4323 1313 4376 1.
1337 4339 1378 4392 cp.
1392 4323 1426 4374 a.

579 4413 611 4482 9)
637 4413 756 4464 Gieseler
778 4412 812 4463 ll.
837 4413 905 4476 §.e
948 4412 988 4464 De
1015 4411 1103 4466 ordine
1128 4413 1249 4466 Romano
1274 4412 1418 4482 ceterisque
1448 4411 1522 4464 libris
1547 4413 1672 4480 liturgicis
1695 4411 1837 4472 Romanis,
1868 4425 1945 4478 quam

639 4483 734 4534 inerint
760 4481 805 4532 illo
831 4489 947 4550 tempore
972 4483 1044 4546 noti,
1077 4483 1136 4535 side
1160 4481 1286 4552 Hittorpii
1314 4481 1498 4550 praelationem
1523 4483 1556 4534 ad
1581 4485 1675 4536 libram
1701 4483 1779 4548 snpra
1806 4473 1943 4534 laudamur.

640 4551 762 4606 Cetemm
789 4549 932 4605 Tlreinerns
960 4554 1016 4620 ipse
1043 4551 1085 4620 (p.
1104 4553 1166 4618 ts.)
1192 4555 1243 4608 sibi
1273 4555 1441 4620 eochadicit,
1477 4569 1587 4608 nmmos
1609 4553 1732 4605 Cerolum
1759 4549 1893 4617 Megumn¹
1911 4553 1944 4604 eh
1992 4561 1996 4568 ·

640 4622 772 4675 Hadriano
793 4623 1026 4678 Sacramentsrium
1047 4625 1188 4692 accepisse.
1871 4619 1877 4634 '

565 4705 614 4780 ιο)
639 4711 669 4765 ιιι
687 4710 843 4766 wirdtwein
865 4711 1192 4781 capesseremne
1217 4717 1315 4783 psas.
1413 4739 1416 4746 ,
1467 4691 1480 4724 ⁸
