4506 5662
908 609 1168 688 ..95-

323 793 400 866 leid.
419 761 578 868 trs-stitus
595 794 707 884 m),
734 813 780 866 ιι
808 791 941 866 Μοῖσαι
967 794 1208 887 tripertitefia
1230 797 1337 868 trihus
1350 799 1444 890 epp.)
1472 811 1510 868 et
1540 822 1560 868 e
1590 799 1746 870 Venantio

323 881 508 954 Fortunas
536 882 589 970 (ia
609 905 660 971 ep.
682 878 774 966 uuo).
845 917 851 970 2
1027 967 1029 972 ,
1184 956 1188 968 1

993 1153 1001 1170 .
1044 1106 1095 1172 10.
1255 1127 1271 1139 ·

506 1199 510 1208 ’
556 1199 578 1224 ”
666 1225 669 1230 “
795 1219 832 1304 β.
875 1211 933 1286 Dc
959 1101 1112 1282 {asteria
1140 1215 1278 1310 rporali.

324 1391 330 1400 ·
406 1355 533 1426 Praece
555 1363 587 1421 ta
603 1331 750 1422 smeraiia
783 1364 885 1440 atque,
912 1351 1168 1448 cohortationes,
1207 1375 1291 1443 quae
1327 1355 1500 1426 maximam
1535 1329 1743 1428 decretalium

278 1453 281 1460 '
319 1451 460 1532 partem*
475 1377 616 1528 expleat,
643 1439 715 1504 hoe
745 1439 850 1526 capite
883 1439 1130 1528 complectimur.
1184 1439 1433 1523 Ps.-Isidurus‚
1469 1443 1593 1512 ratione
1634 1446 1744 1512 hahita

319 1527 387 1616 ejas
408 1526 474 1605 rei,
495 1545 590 1614 quam
612 1525 709 1590 modo
730 1533 938 1604 tractaverat,
967 1523 1072 1612 longis
1098 1525 1198 1591 uhiris
1220 1525 1320 1594 allatis
1342 1530 1506 1596 sententiis
1528 1531 1623 1596 etiam
1644 1541 1742 1617 atque

318 1611 413 1678 etiam
441 1631 543 1698 usque
571 1605 612 1674 ad
643 1631 793 1676 nauseam
822 1619 946 1687 monet,
980 1611 1025 1682 ut'
1045 1609 1141 1676 modo
1170 1613 1314 1700 exposita
1343 1613 1492 1700 religiose
1521 1615 1740 1682 observentur.

257 1687 260 1700 '
307 1697 460 1770 Quarum
483 1693 612 1782 quidem
634 1695 859 1764 sententiarum
883 1692 1000 1760 multae
1022 1696 1097 1764 airas
1119 1696 1209 1762 aliter
1230 1707 1305 1764 sunt
1325 1696 1562 1786 intelligendae,
1583 1697 1740 1786 siquidem
1805 1704 1809 1714 ’
1907 1689 1911 1698 ’

316 1779 383 1846 aliis
411 1780 515 1858 rerhis
546 1779 739 1861 cohaerent,
772 1779 890 1846 multae
920 1801 1005 1860 vero,
1034 1781 1221 1882 praesertim
1254 1803 1273 1847 e
1302 1783 1461 1872 scriptura
1488 1805 1582 1850 sacra
1611 1785 1739 1871 petitae,

215 1925 219 1930 .
315 1885 522 1952 nequedum
551 1863 708 1952 prioribus
736 1887 797 1931 nec
825 1887 898 1932 cum
927 1867 1154 1955 postsuoribus
1184 1863 1262 1932 loeis
1292 1883 1428 1955 possunt
1456 1868 1618 1956 conjungi.
1671 1869 1739 1934 Sed
1833 1887 1837 1892 ·

186 2005 191 2012 .
315 1960 477 2038 utcunque
497 1971 549 2014 res
571 1960 636 2030 est,
658 1951 691 2016 in
712 1948 792 2016 duas
815 1959 921 2016 tamen
943 1961 1010 2016 tota
1032 1953 1164 2018 materia
1187 1951 1305 2040 optime
1324 1953 1474 2045 dividitur
1494 1963 1740 2044 partes‚‘prout

315 2033 435 2126 seilicet
458 2045 515 2104 aut
534 2035 720 2124 generalem
741 2045 797 2104 aut
818 2033 989 2124 specialem
1008 2035 1107 2104 hahet
1128 2055 1265 2104 sensum.
1335 2089 1338 2094 .
1454 2125 1457 2138 Ι

357 2173 386 2238 1.
415 2171 503 2238 later
523 2171 591 2239 illos
612 2171 718 2251 locus,
740 2193 820 2260 quos
845 2193 942 2239 sensu
963 2171 1065 2239 latiori
1085 2174 1224 2262 accipias
1246 2195 1383 2242 necesse
1402 2184 1468 2249 est,
1498 2175 1637 2278 primum
1665 2197 1737 2242 sen-

398 2257 517 2324 tentiae
560 2259 666 2344 roprie
687 2259 734 2325 sic
756 2258 862 2324 dictae
884 2257 1120 2324 enumerandae
1141 2271 1233 2340 sunt,
1264 2259 1363 2327 velut:
1401 2257 1539 2340 „Foede
1567 2271 1616 2328 est
1638 2263 1735 2326 verbo

398 2340 507 2407 fallere
535 2281 711 2424 lamium,
742 2363 804 2408 non
834 2352 940 2408 tamen
965 2341 1130 2428 ueun1).
1160 2380 1203 2394 -
1246 2343 1321 2410 Non
1352 2347 1434 2409 hene
1463 2345 1552 2424 vivit,
1587 2347 1640 2432 qui
1671 2368 1735 2410 nun

397 2437 488 2492 reete
520 2427 629 2492 credit.
648 2463 692 2477 ··-
733 2425 818 2492 Nihil
841 2426 912 2492 mali
935 2427 1015 2507 vult,
1047 2429 1100 2516 qui
1127 2427 1230 2498 fidelis
1259 2441 1317 2496 est.
1361 2429 1474 2495 Nullus
1498 2431 1655 2496 honorum
1673 2431 1736 2516 ihiae

166 2573 171 2582 ,
394 2511 511 2578 micum
533 2511 629 2578 hahet
650 2511 709 2578 uisi
729 2512 863 2591 malum,
892 2511 945 2598 qui
973 2511 1047 2578 ideo
1070 2537 1144 2587 esse
1164 2513 1373 2602 permittitur,
1403 2526 1438 2582 ut
1468 2525 1524 2580 aut
1552 2515 1736 2616 corrigatur

232 2613 272 2660 ·-.
395 2605 451 2662 aut
503 2617 538 2660 er
563 2597 665 2684 ipsum
695 2597 787 2664 honis
818 2607 1006 2662 exerceatur
1021 2597 1065 2682 2).
1096 2635 1138 2650 -
1175 2599 1337 2676 ‚Necesse
1366 2609 1417 2669 est
1441 2597 1557 2666 adesse
1584 2595 1735 2679 divium,
1814 2620 1820 2634 ·

340 2675 343 2686 '
395 2679 450 2745 uhi
473 2619 645 2748 lumanum
668 2692 774 2748 cessat
794 2681 941 2746 auxilium
963 2681 1031 2768 5).”
1726 2725 1730 2728 -

372 2815 468 2897 Haec
490 2826 524 2884 et
544 2817 653 2885 similia
679 2817 828 2886 desa-ta
856 2828 930 2884 sunt
958 2839 999 2882 ex
1027 2822 1190 2888 sententiis
1220 2821 1301 2888 Sinti
1328 2821 1546 2908 Pythagorei,
1578 2817 1733 2906 Prosperi

309 2900 457 2988 Aquitani
478 2911 512 2968 et
532 2901 664 2988 epistola
684 2901 838 2990 Gangyth
861 2901 1058 2969 Ahbatissae·
1076 2903 1121 2970 ad
1143 2905 1249 2972 Bunii.
1270 2904 1505 2992 Mogontiuum.

252 3064 257 3079 ·
321 3125 325 3131 Ι
372 3035 460 3104 Tum
480 3041 555 3104 iero
579 3045 612 3104 et
632 3034 729 3105 laic'os
753 3047 786 3106 et
808 3037 941 3108 clericos
962 3039 1026 3106 hoc
1051 3039 1148 3108 modo
1171 3039 1357 3132 alloquitur:

394 3149 530 3234 „Quum
559 3149 799 3228 fundamentum
828 3151 957 3224 uirtutis·
978 3150 1061 3219 fides
1083 3153 1123 3220 sit
1143 3165 1241 3243 atque
1263 3175 1353 3220 amor
1376 3175 1458 3240 erga
1480 3153 1605 3232 Deum,
1636 3172 1731 3217 unus-

392 3235 559 3320 quisqus‚=
585 3237 639 3319 qui
670 3234 791 3299 Christi
820 3255 936 3298 nomen
965 3237 1151 3322 profitetur,
1194 3259 1300 3302 reram
1337 3237 1436 3304 iidem
1469 3243 1642 3324 verumque
1667 3235 1731 3301 Dei

392 3339 534 3392 amorem
555 3316 619 3383 vita
640 3339 699 3383 sua
721 3316 892 3384 ostendere
913 3317 1019 3386 dehet
1064 3319 1102 3384 In
1125 3333 1299 3410 praecepto
1321 3343 1397 3387 vero
1419 3321 1565 3388 Domini:
1594 3315 1730 3406 „Dilige

391 3401 499 3468 Deum
524 3413 592 3468 tota
621 3413 729 3469 mente
750 3413 783 3468 et
802 3411 871 3468 toto
893 3403 993 3468 corde
1014 3413 1049 3471 et
1069 3413 1138 3471 tota
1159 3405 1274 3472 virtute
1297 3417 1333 3476 et
1351 3407 1527 3494 proximum
1548 3415 1639 3473 tuurn
1660 3415 1729 3472 tan-

391 3509 486 3576 quam
515 3487 743 3575 temetipsum”
779 3489 876 3553 verba
909 3500 973 3568 „et
1003 3490 1180 3578 proximum
1210 3501 1300 3556 taum
1327 3501 1476 3579 tanquam
1507 3493 1614 3557 temeti
1639 3493 1728 3555 sum”

345 3607 350 3636 r
391 3573 638 3660 haudquaquam
659 3572 942 3660 praetermittenda
963 3585 1046 3641 suut.
1092 3574 1266 3649 Quomodo
1288 3575 1390 3662 igitur
1410 3589 1446 3644 tu
1460 3577 1568 3644 Deum
1592 3515 1727 3661 diligere

390 3659 529 3746 poteris,
565 3657 627 3744 qui.
648 3677 729 3742 erga
758 3657 888 3722 fratrem
920 3665 1009 3726 tuum
1038 3658 1155 3726 msllrnn
1189 3660 1289 3727 hahes
1318 3661 1483 3728 amorem?
1503 3661 1548 3743 4).
1602 3661 1750 3738 Omnes,

337 3804 340 3812 .
388 3765 486 3830 porro
501 3743 671 3825 ‚hominesq
693 3740 736 3807 ad
755 3741 820 3808 Dei
841 3741 1073 3810 similitudinem
1096 3745 1211 3825 creati,
1234 3743 1373 3824 hancce,
1400 3755 1642 3834 quassamur,
1664 3743 1726 3809 Dei

297 3885 299 3896 .
388 3829 614 3930 cognatiqnen]
636 3826 730 3897 dietis
751 3827 909 3913 lactisque
928 3829 1082 3915 probeat!
1112 3829 1275 3918 quomodo
1297 3842 1411 3906 autem
1425 3830 1515 3933 aliter
1534 3830 1726 3918 probabunt,

390 3933 448 4012 nisa
470 3935 495 3978 u
516 3913 750 4062 ejusdqustitiam
769 3923 802 3979 et
820 3933 900 3998 erga
919 3934 1030 3982 omues
1053 3915 1468 3998 amaemtmanmantsi
1488 3939 1515 3986 ιι
1537 3913 1724 4004 sapientiam
1791 3961 1800 4018 ,-

290 4061 291 4064 ,
388 3995 484 4086 huJus'
504 4019 578 4064 mun
632 3995 893 4086 derehnquunt!''
914 3995 957 4083 5).

311 4282 336 4342 q
355 4256 385 4324 1)
409 4255 442 4310 el.
460 4256 536 4310 Ater.
552 4259 594 4322 3.,
621 4254 702 4344 zeph.
718 4259 761 4322 1,,
785 4253 890 4308 cornel.
907 4255 949 4320 2,
977 4251 1043 4306 Luc.
1063 4253 1146 4320 onie,
1173 4252 1270 4312 ldelch.
1290 4213 1361 4310 unici
1428 4308 1449 4319 ,.

220 4351 222 4358 “
336 4349 386 4426 ’,9)
412 4351 657 4437 οῖ.ῖ)ι11ὶοῖ.ι1.ἱ
899 4411 901 4414 ,
988 4422 989 4432 ¹

352 4450 385 4518 3)
410 4450 444 4504 et.
462 4449 597 4507 Benedict.
612 4451 633 4506 1.
658 4467 700 4523 ep.
719 4455 786 4507 ente.
806 4467 839 4507 ex
857 4451 967 4506 Philone
988 4450 1098 4506 ludieo.

353 4549 385 4618 t)
410 4549 492 4602 clem.
506 4553 547 4616 1.,
570 4547 682 4604 Εναῖοι
696 4555 738 4618 2,
759 4551 802 4604 Pii
815 4551 842 4619 1,
859 4555 900 4618 1.,
925 4553 1043 4609 Marcell.
1055 4554 1099 4620 9.,
1124 4553 1191 4608 Stet.
1206 4549 1261 4619 EI,
1279 4555 1321 4618 3.,
1346 4551 1440 4606 Silver.
1455 4555 1497 4618 ι,
1520 4549 1611 4620 Pelea.
1626 4548 1667 4616 ll,
1687 4551 1723 4614 2,

411 4623 529 4689 Grecos.
547 4623 583 4676 ed
597 4624 680 4680 Falla
828 4649 831 4656 ¹
1438 4643 1443 4650 ·

353 4718 385 4786 5)
410 4720 571 4788 Anaeitl„
596 4706 739 4774 Urbani.
774 4745 776 4748 -
826 4742 829 4750 .
904 4738 908 4747 .
