4506 5662
678 983 1390 1204 .eunuseu1o

353 1467 536 1630 Provida
575 1483 1113 1634 solersque'netanttssimorum
1149 1537 1330 1628 hominum
1362 1547 1507 1630 natura,
1553 1539 1678 1636 quovis
1711 1538 1784 1611 fere

276 1717 304 1728 ,Α
354 1651 507 1738 temporo
536 1636 723 1712 infaustum
753 1661 852 1710 suam
886 1649 1008 1712 eontm
1038 1637 1125 1714 alios
1150 1663 1315 1712 exercens
1342 1640 1434 1730 vim,
1472 1637 1568 1712 nulla
1593 1637 1780 1730 efficacior,

353 1739 450 1812 nulla
482 1739 710 1838 perniciosior
743 1739 875 1812 exstitit
910 1747 1042 1830 aetate,
1097 1763 1203 1838 qnam
1237 1733 1307 1837 q'ua
1340 1739 1492 1814 famosus
1528 1741 1593 1812 iste
1626 1737 1785 1836 maleque

213 1905 220 1922 ,
353 1852 513 1932 uersutus
546 1840 735 1938 impostor,
775 1839 838 1938 qui
867 1837 940 1912 suls
967 1837 1096 1914 Isidori
1126 1865 1275 1938 persona
1308 1851 1378 1912 mm
1408 1840 1469 1914 diu
1498 1838 1620 1930 latuit,
1657 1865 1784 1940 mpgno

353 1941 531 2016 doctrinae
569 1951 764 2038 apparatu,
812 1964 941 2039 magna
982 1941 1155 2038 nequitiae
1197 1939 1400 2037 fraudisque
1443 1940 1534 2014 mole
1572 1941 1781 2032 instructus,

352 2045 446 2114 ornni
477 2039 613 2142 abjecto
640 2039 773 2144 pudore
801 2041 985 2140 fronteque
1013 2039 1147 2136 ferrea,
1188 2041 1234 2117 ad
1258 2036 1439 2114 hominium
1465 2039 1658 2131 libertatem
1688 2037 1782 2112 labe·

320 2141 549 2216 ,lnetmdnm
573 2142 630 2216 vel
653 2144 692 2216 in
716 2141 820 2216 unitas
843 2142 1046 2242 tyrannicae
1071 2143 1286 2220 auctoritatis
1315 2143 1463 2242 gratiam
1488 2142 1627 2238 penitus
1653 2143 1782 2213 exstin·
1897 2185 1923 2192 --

352 2243 547 2342 quendam,
586 2242 758 2343 infaustus
786 2267 868 2337 suas
895 2239 1099 2342 'decretales'
1127 2245 1359 2344 excogitavit,
1399 2240 1500 2318 eadit
1529 2239 1783 2338 fabricatorque
1878 2253 1881 2262 “

350 2347 386 2416 in
417 2345 544 2420 lucem·
560 2347 688 2418 emisit.
1858 2361 1860 2368 “

463 2443 766 2538 Quemadmodum
805 2463 889 2520 uero
930 2443 1070 2518 illorum
1112 2443 1208 2518 haud
1250 2446 1326 2519 sine
1367 2468 1495 2544 magno
1535 2441 1656 2518 dolore
1697 2466 1780 2515 con·

62 2531 68 2552 ⁸
158 2571 164 2579 ’
282 2591 306 2642 g
351 2547 559 2645 templamnr
596 2548 802 2646 ingenium,
852 2547 913 2644 qui
951 2545 1085 2620 homini
1127 2543 1260 2622 crudeli
1302 2571 1384 2618 eum
1428 2543 1546 2645 gladio
1587 2547 1691 2617 etiam
1721 2543 1783 2662 jus
1834 2537 1836 2544 ’
1872 2559 1876 2568 ’

351 2669 582 2746 quoscunque
626 2645 735 2722 velint
766 2645 952 2746 jugulandi
995 2647 1160 2742 uadunt,
1209 2651 1258 2722 ita
1293 2648 1408 2740 istius¹
1431 2671 1496 2720 nos
1533 2647 1682 2718 maxime
1717 2670 1781 2716 nn·

352 2760 463 2838 seret,
506 2751 589 2846 qui,
632 2749 698 2822 etsi
723 2745 873 2827 fortusse
906 2745 1001 2820 haud
1036 2747 1080 2820 de
1112 2735 1304 2840 industria,
1348 2745 1547 2838 hominibus
1581 2739 1782 2818 dominandi

351 2847 607 2946 cupidissimis,
645 2851 684 2920 in
716 2845 860 2940 omnes,
905 2873 996 2946 quos
1026 2847 1155 2938 velint,
1190 2863 1358 2942 ‘servos,'
1383 2845 1549 2938 libertos,
1592 2847 1777 2943 ingenuos,
1872 2892 1874 2902 .

349 2973 472 3049 reges,
522 2951 749 3048 imperatores
783 2973 855 3021 uon
891 2947 1005 3022 solum
1040 2945 1265 3041 dominandi,
1315 2945 1378 3020 sed
1411 2948 1514 3020 etiam
1548 2947 1687 3044 penitus
1720 2971 1779 3018 eos

238 3125 252 3144 ,
351 3049 600 3148 comprimendi
629 3047 690 3148 jus
722 3047 866 3148 praebet
899 3061 1004 3148 atque
1023 3045 1224 3122 dicentium.
1288 3049 1390 3120 Haec
1420 3049 1536 3120 animo
1568 3045 1714 3118 voivens
1745 3057 1780 3116 et

284 3209 286 3214 .
350 3146 545 3224 commotus
565 3148 766 3246 quaestione
788 3175 810 3220 a
830 3147 1041 3224 ¹Venerando
1063 3145 1325 3244 'theologorum‘
1347 3151 1384 3220 in
1403 3145 1597 3220 Academia
1624 3143 1779 3246 Georgia

348 3247 512 3351 Augusta
538 3245 674 3323 Ordine
703 3245 842 3320 civibus
869 3247 1076 3320 academicis
1103 3246 1151 3318 ita
1176 3247 1375 3344 proposita:

516 3353 640 3442 Quum
669 3351 763 3422 sotis
794 3363 953 3438 constet,
994 3350 1238 3422 decretalium
1271 3351 1375 3420 illam
1405 3351 1654 3422 collectionem
1684 3375 1779 3444 quare

467 3455 619 3526 Pseudo
632 3490 659 3506 -
674 3445 818 3524 Isidori
852 3453 1000 3524 nomine
1039 3451 1229 3546 appellari
1263 3453 1380 3544 colet,
1420 3476 1499 3522 esse
1536 3454 1777 3548 suppositam,
1882 3469 1887 3479 ’

443 3557 568 3628 ‘Ordo
594 3553 785 3650 postulat,
803 3545 807 3553 ’
827 3565 869 3624 ut
907 3555 1053 3624 ratione
1085 3551 1214 3644 lrolitc
1253 3565 1288 3622 et
1327 3553 1498 3646 ipsorum
1534 3553 1778 3630 ‹lecretoliunr

462 3655 694 3752 argumenti,
726 3667 763 3726 et
786 3655 965 3750 temporis
986 3655 1106 3742 illius,
1138 3677 1209 3748 quo
1230 3653 1570 3748 compositoesint,
1599 3668 1777 3725 accurate

462 3759 714 3845 examinetur,
756 3767 854 3846 tum,
890 3753 1020 3849 quibus
1061 3755 1245 3844 consiliis,
1289 3767 1366 3826 tum
1376 3808 1390 3842 ,
1432 3753 1564 3852 quibus
1602 3755 1776 3848 sontibus

462 3863 642 3956 impostor
669 3859 732 3928 ille
759 3849 805 3928 iu
825 3857 1069 3943 adornandis,
1093 3857 1174 3926 istis
1197 3857 1420 3950 praestigiis
1449 3881 1538 3946 usus
1565 3857 1626 3928 sit.

347 3959 414 4032 hae
446 3958 553 4056 igitur
581 3957 817 4058 propositione
851 3967 1043 4030 commotus
1079 3980 1167 4054 opus
1197 3953 1309 4049 tttud,
1358 3953 1458 4054 cujus
1495 3953 1624 4029 auxilio
1658 3955 1775 4054 plures

255 4139 264 4156 ,
347 4057 451 4132 Servi
476 4057 669 4132 Servorum
689 4057 759 4132 Dei
775 4055 858 4156 jura
880 4057 997 4130 divina
1019 4068 1124 4154 atque
1146 4053 1298 4128 humana
1319 4053 1494 4130 laeserunt
1517 4067 1772 4156 perverterunt·
1796 4063 1798 4076 '

347 4183 460 4256 que,·
490 4161 685 4232 examinare
701 4209 704 4216 -
723 4182 968 4256 susceperam,
1016 4169 1051 4229 et
1089 4159 1411 4230 commentationem
1453 4157 1496 4229 de
1530 4158 1596 4249 Ps.
1617 4155 1773 4230 -1sidori

331 4257 503 4334 'sontibus
527 4283 569 4332 ae
597 4259 741 4334 consilio
766 4257 913 4334 Ordinis
931 4257 1068 4356 judicio
1092 4257 1228 4332 tradere
1253 4283 1358 4332 ausus
1382 4283 1490 4332 eram.

244 4449 245 4454 Ἰ
459 4361 544 4435 dam
575 4375 669 4433 eum
689 4361 794 4460 digna
818 4359 975 4458 judicato
1008 4362 1074 4454 sit,
1122 4385 1212 4457 quac
1244 4361 1398 4458 praemio
1430 4358 1544 4458 Regio
1574 4371 1768 4446 ornaretur,

337 4462 442 4561 jussu
467 4459 653 4555 xOrdinis,
703 4461 866 4558 lauteque
900 4459 975 4560 ejus
1012 4459 1247 4554 munificentia
1292 4459 1431 4560 adjutus
1474 4457 1622 4558 opeiiam
1658 4485 1770 4532 meum

344 4565 623 4736 typilsdexemam
643 4565 681 4637 iu
706 4560 885 4662 publicum
909 4561 995 4655 edo,
1020 4562 1143 4650 talem,
1177 4560 1315 4660 qualem
1338 4573 1437 4636 antea
1458 4563 1622 4662 scriptam
1643 4559 1770 4637 Ordini

345 4666 433 4736 traci
459 4687 566 4739 erem.
825 4711 830 4716 -
