4520 5650
948 506 1286 628 ..nor-s

307 719 311 744 ¹
372 737 493 812 elucet,
521 733 610 824 qnod
631 732 674 802 do
701 757 753 802 ma
773 732 849 802 iilud
873 731 916 800 do
939 729 1134 802 Primatibns
1157 733 1189 800 in
1216 734 1401 825 capitularia¹
1422 739 1517 805 etiam
1539 737 1816 808 transferendam·

370 819 546 902 curaverit,
574 841 652 886 nam
732 821 849 886 ⁰iibra
872 818 914 886 ad
934 839 1086 886 nauseam
1107 840 1210 908 usqne
1231 824 1400 910 repetitum
1421 823 1569 889 invenies.

457 969 460 976 ·
483 935 632 1023 Denique
646 935 686 1000 ab
701 929 766 999 boc'
778 931 854 997 inde
869 941 1015 1018 ternpore
1029 931 1211 1058 praesulum
1228 933 1491 1024 Mogontinorum
1514 935 1739 1016 anctoritatem
1758 927 1799 1004 et

370 1021 593 1110 potentianiin
609 1019 677 1086 dies
693 1017 830 1084 cronicae
845 1027 954 1082 norom
970 1027 1019 1084 est
1044 1016 1087 1100 ⁸).
1133 1016 1218 1108 Quin
1235 1023 1372 1088 studium
1388 1043 1500 1088 eorum
1509 1019 1667 1088 Boniiacii
1681 1031 1792 1088 auoto-

370 1106 497 1172 ritatem
515 1117 613 1192 atque
630 1104 783 1168 bonorem
806 1101 1015 1188 recuperandi
1033 1111 1193 1190 postremo
1214 1103 1296 1170 felici
1315 1129 1468 1173 successu
1486 1127 1550 1170 non
1569 1105 1694 1187 caruit3,
1718 1125 1791 1172 narn

267 1197 271 1208 '
317 1219 322 1248 ι
371 1191 443 1257 Leo
463 1189 533 1256 vil.
565 1188 685 1276 petenti
713 1186 821 1252 archie
843 1187 972 1286 iscopo,
1009 1187 1136 1253 nomine
1163 1185 1349 1270 Friderico‚
1389 1191 1474 1256 vices
1504 1212 1577 1256 suas
1607 1211 1664 1278 per
1691 1200 1792 1257 totam
1840 1235 1843 1243 ·

372 1273 576 1340 Germaniam
606 1272 770 1339 commisit.
820 1210 870 1336 bn
900 1293 967 1358 epus
996 1271 1128 1358 epistola
1158 1273 1308 1358 (Codicis
1331 1275 1534 1343 Garlsruban.
1563 1297 1611 1362 ep.
1628 1275 1680 1340 96.
1705 1273 1792 1362 apud

371 1357 526 1426 Wiirdtw.
555 1357 729 1446 ep.167.):
763 1339 876 1435 „Quia
900 1357 932 1420 in
956 1355 1069 1424 restris
1097 1356 1206 1439 Litteris
1236 1373 1378 1427 nostrum
1402 1361 1613 1448 apostolatum
1641 1363 1792 1446 expetere
1911 1369 1912 1381 ¹

239 1511 248 1534 ⁸
372 1443 557 1524 ‚‚roluistis‚
579 1454 736 1530 quatenus
758 1452 867 1508 nostra
890 1439 1079 1507 anctoritate
1102 1441 1235 1509 vicarius
1258 1457 1292 1513 et
1309 1447 1422 1512 missus
1446 1457 1574 1512 nostrae
1596 1441 1793 1528 apostolicae

348 1526 484 1610 „taedis
518 1527 614 1594 totius
644 1525 837 1594 Germaniae
869 1525 934 1591 Vos
965 1523 1186 1592 concedamus
1213 1531 1369 1609 esse,'et
1397 1530 1484 1618 quod
1515 1528 1673 1607 asseritis,
1719 1529 1826 1612 quia,
1894 1547 1901 1558 ·

274 1689 281 1698 ¹
372 1611 496 1702 „prisci
516 1611 726 1698 Mogontinae
752 1610 837 1678 sedis
859 1609 1093 1697 Metropolitani
1116 1633 1141 1677 a
1168 1625 1276 1679 nostra
1303 1615 1476 1702 apostolica
1504 1613 1584 1680 sede
1613 1633 1652 1678 ex
1682 1625 1793 1680 aucto·

372 1699 494 1780 „ritate
527 1695 697 1762 beatissimi
712 1735 717 1748 ·
732 1695 822 1762 Petri
859 1693 1074 1784 apostolorum
1111 1694 1262 1785 principis
1298 1699 1404 1766 vicarii
1439 1709 1472 1766 et
1505 1697 1591 1764 missi
1627 1696 1794 1784 apostolici

373 1781 498 1864 „totins
523 1781 716 1847 Gennaniae
739 1779 807 1846 fieri
830 1791 1036 1848 meruerantt
1063 1779 1177 1868 scitote
1198 1803 1256 1848 nos
1282 1781 1503 1872 diligenterin
1525 1781 1641 1866 scrinio
1663 1793 1793 1858 sapone

372 1865 557 1948 „ecciesiae
586 1875 713 1933 nostrae
741 1861 976 1965 privilegiorum
1003 1863 1135 1945 scedas,
1175 1863 1257 1952 quae
1285 1891 1305 1934 a
1337 1867 1794 1958 praedecessoribusnostris,

372 1951 528 2034 „duobus
549 1949 695 2018 videlicet
714 1949 885 2052 Gregorii,
914 1947 1093 2018 Zachariae
1114 1961 1147 2026 at
1172 1951 1346 2040 Stephani,
1377 1953 1594 2030 cresconio,
1623 1951 1792 2020 Boniiacio

372 2037 536 2118 „Vestrae
563 2034 648 2104 sedis
675 2035 803 2102 antistiti
831 2033 1004 2120 apostolica
1030 2035 1238 2102 roboratione
1265 2059 1338 2106 esso
1364 2059 1535 2116 concessa,
1566 2036 1627 2102 sub
1649 2033 1794 2124 diligenti

310 2128 313 2150 ¹
373 2143 481 2202 „cura
508 2133 541 2188 et
566 2119 744 2187 vehementi
773 2117 981 2186 sollieitudine
1094 2120 1346 2208 percipimus‘et
1369 2143 1465 2189 unam
1491 2119 1623 2188 scedam
1646 2120 1793 2188 camilia

372 2205 592 2286 „auctoritate
621 2203 743 2280 tantum
815 2204 931 2270 tnimas
958 2204 1099 2270 invenire
1118 2241 1162 2254 -
1259 2229 1298 2273 ex
1327 2209 1517 2276 auctoritate
1545 2207 1578 2271 b.‘
1597 2204 1687 2270 Petri
1713 2227 1793 2293 apo·
1886 2269 1890 2276 .

345 2291 553 2372 ‘,‚stolornna
572 2290 733 2378 'principis
788 2311 877 2355 amus
907 2287 1008 2357 ¹Vobis
1039 2299 1248 2375 potestatem,
1273 2303 1325 2360 ,ut
1352 2293 1419 2362 sitis
1453 2301 1564 2356 noster.
1595 2289 1729 2356 vicarius
1761 2303 1794 2357 et

372 2376 516 2455 „missus
553 2374 584 2438 in
620 2375 743 2442 cuncos
781 2371 968 2462 regionibns
1007 2374 1105 2442 totius
1139 2375 1365 2442 Germaniaa.”
1430 2377 1516 2452 Quin
1554 2373 1695 2456 Joannes
1717 2373 1793 2455 xli.

372 2461 524 2562 episcppo
547 2457 715 2526 Wiihelmo
737 2457 821 2524 vices
849 2481 923 2524 suas
950 2479 1008 2548 per
1028 2469 1127 2526 totam
1150 2459 1354 2528 Germaniam
1379 2473 1476 2552 atquc
1496 2459 1630 2527 Galliam
1652 2457 1792 2526 tradidit.

372 2544 434 2632 (ci.
457 2541 532 2610 rbrd.
560 2545 696 2632 ep..168
717 2557 750 2612 et
773 2543 874 2627 loa).
1546 2551 1550 2563 ’
1653 2589 1655 2592 -

1228 2645 1231 2653 ’
1336 2629 1344 2670 Ι.

408 2807 457 2875 13)
484 2806 531 2859 Sic
548 2805 703 2875 Lnitpartas
720 2799 889 2856 Annona
904 2809 934 2849 se
952 2801 980 2848 et
997 2795 1092 2849 ceteris
1110 2795 1261 2874 proceribus
1278 2797 1390 2850 electura
1408 2799 1462 2850 887
1483 2799 1510 2852 ἰιι
1528 2813 1617 2867 regern
1636 2753 1719 2857 noxit:
1753 2785 1794 2855 οἱ

484 2873 622 2944 sansone,
647 2876 763 2930 Hattone
781 2879 809 2924 ct
826 2870 920 2923 cetaria
936 2865 998 2920 vide
1014 2867 1101 2922 Soror.
1119 2874 1149 2920 ct
1169 2868 1286 2922 codicem
1304 2869 1424 2936 Mogont.
1443 2871 1677 2938 supralaudatum.

485 3235 616 3309 Qnibns‘
644 3233 737 3304 dictis
770 3231 875 3299 elucet
901 3227 1156 3298 Ps.-Isidornm
1187 3229 1337 3326 temporis
1370 3229 1426 3297 sni·
1450 3229 1639 3298 conditionis
1670 3229 1795 3296 ratione

369 3316 479 3384 babita
502 3320 658 3388 ecciesiae
679 3341 757 3386 suae
781 3319 914 3408 ejusque
935 3313 1084 3381 ministris
1109 3315 1152 3382 ita
1174 3313 1363 3401 praesertim
1387 3315 1555 3382 conanierc
1578 3315 1729 3406 salninse,
1760 3328 1796 3383 ut

370 3423 434 3468 non
464 3413 528 3470 tam
558 3407 600 3470 ab
628 3403 888 3494 oppressionibus
915 3409 1002 3466 tutos
1030 3397 1200 3479 redderet,
1238 3421 1338 3488 quam
1365 3399 1478 3466 anniiio
1511 3399 1679 3466 Romanae
1707 3397 1794 3466 sedis

371 3498 581 3574 apotastate
612 3490 768 3556 saconiari
806 3509 862 3553 eos
896 3482 1045 3549 liberaret
1075 3493 1107 3550 et
1138 3503 1235 3585 super
1266 3506 1338 3548 earn
1370 3485 1542 3552 extolleret.
1600 3485 1694 3557 Num,
1718 3505 1822 3550 veros
1880 3549 1883 3558 ,
1951 3461 1960 3485 ’

371 3571 521 3638 Romano
550 3575 693 3662 pontifici
720 3573 790 3662 pina
818 3571 961 3638 minusne
988 3567 1151 3648 tribuerit,
1182 3563 1216 3632 nd
1244 3567 1318 3634 nibil
1346 3569 1463 3650 refert,
1494 3579 1584 3637 corta
1612 3559 1794 3637 tontum¹ei

342 3653 505 3740 impitus
534 3669 603 3736 est,
646 3671 682 3726 ut
710 3677 834 3722 merces
863 3674 927 3718 non
956 3653 1115 3738 respuerit
1134 3688 1177 3703 -
1202 3649 1262 3718 sad
1288 3662 1415 3734 tanturn
1445 3675 1590 3743 quoqne,
1631 3667 1666 3722 ut
1694 3651 1792 3744 ipsios

373 3740 535 3809 consilium
565 3755 677 3831 postea
707 3739 889 3822 saevissime
918 3734 1048 3804 eluserit
1148 3749 1151 3762 '
1727 3785 1734 3799 ,

862 4119 1299 4148 a*-
